@book{Bishop:2006,
	author = "Christopher M. Bishop",
	title = "{Pattern Recognition and Machine Learning}",
	publisher = "Springer Verlag",
	year = "2006",
	address = "New York"
}

@book{DudaHartStork:2001,
	author = {Richard O. Duda and Peter E. Hart and David G. Stork},
	title = {Pattern Classification},
	year = {2001},
	publisher = {Wiley-Interscience Publication},
	address = "New York"
}

@book{Bishop:1995,
	author = "Christopher M. Bishop",
	title = "{Neural Networks for Pattern Recognition}",
	publisher = "Clarendon Press",
	address = "Oxford",
	year = "1995"
}

@book{Haykin:2005,
	title = "Neural Networks A Comprehensive Foundation",
	author = "Simon Haykin",
	publisher = "Pearson Education",
	year = "2005",
	address = "New Delhi"
}

@book{NocedalWright:2006,
  title = {Numerical Optimization},
  author = {Jorge Nocedal and Stephen J. Wright},
  series = {Springer Series in Operations Research and Financial Engineering},
  year = {2006},
  publisher = {Springer New York}
}

@article{Rosenblatt:1958,
	author = "Frank Rosenblatt",
	title = "The Perceptron: A Probabilistic Model for Information Storage and Organization in the Brain",
	year = "1958",
	institution = "Cornell Aeronautical Laboratory",
	journal = "Psychological Review",
	volume = "65"
}

@article{RumelhartHintonWilliams:1986,
	author = "David E. Rumelhart and Geoffrey E. Hinton and Ronald J. Williams",
	title = "Learning Representations by Back-Propagating Errors",
	year = "1986",
	institution = "{University of California, San Diego and Carnegie-Mellon University, Pittsburgh}",
	journal = "Nature",
	volume = "323",
}

@article{Bengio:2009,
	author = "Y. Bengio",
	title = "Learning Deep Architectures for {AI}",
	journal = "Foundations and Trends in Machine Learning",
	pages = "1--127",
	volumne = "2",
	number = "1",
	year = "2009"
}

@inproceedings{KrizhevskySutskeverHinton:2012,
	author = {A. Krizhevsky and I. Sutskever and G. E. Hinton},
	title = {{ImageNet} Classification with Deep Convolutional Neural Networks},
	booktitle = {Advances in Neural Information Processing Systems},
	year = {2012},
	pages = {1097--1105}
}

@inproceedings{DengFeiFei:2009,
  author = {Deng, J. and Dong, W. and Socher, R. and Li, L.-J. and Li, K. and Fei-Fei, L.},
  title = {{ImageNet: A Large-Scale Hierarchical Image Database}},
  booktitle = {CVPR09},
  year = {2009},
}

@article{Schmidhuber:2014,
  author = {J{\"{u}}rgen Schmidhuber},
  title = {Deep Learning in Neural Networks: An Overview},
  journal = {CoRR},
  volume = {abs/1404.7828},
  year = {2014},
}

@article{WangRajXing:2017,
  author = {Haohan Wang and Bhiksha Raj and Eric P. Xing},
  title = {On the Origin of Deep Learning},
  journal = {CoRR},
  volume = {abs/1702.07800},
  year = {2017},
}

@article{Li:2017,
  author = {Yuxi Li},
  title = {Deep Reinforcement Learning: An Overview},
  journal = {CoRR},
  volume = {abs/1701.07274},
  year = {2017},
}

@article{BengioCourvilleVincent:2012,
  author = {Yoshua Bengio and Aaron C. Courville and Pascal Vincent},
  title = {Unsupervised Feature Learning and Deep Learning: {A} Review and New Perspectives},
  journal = {CoRR},
  volume = {abs/1206.5538},
  year = {2012},
}

@article{LeCunBengioGeoffrey:2015,
  author = {Yann {LeCun} and Yoshua Bengio and Geoffrey Hinton},
  title = {Deep Learning},
  journal = {Nature},
  year = {2015},
}

@article{HornikStinchcombeWhite:1989,
	author = "Kurt Hornik and Maxwell Stinchcombe and Halbert White",
	title ="Multilayer Feedforward Networks are Universal Approximators",
	year = "1989",
	institution = "Vienna University of Technology, Vienna and University of California, San Diego",
	journal = "Neural Networks",
	volume = "2",
}

@article{JanaiGeiger:2017,
  author = {Joel Janai and Fatma G{\"{u}}ney and Aseem Behl and Andreas Geiger},
  title = {Computer Vision for Autonomous Vehicles: Problems, Datasets and State-of-the-Art},
  journal = {CoRR},
  volume = {abs/1704.05519},
  year = {2017},
}

@book{GoodfellowBengioCourville:2016,
    title = {Deep Learning},
    author = {Ian Goodfellow and Yoshua Bengio and Aaron Courville},
    publisher = {MIT Press},
    note = {\url{http://www.deeplearningbook.org}},
    year = {2016}
}

@article{MoonsVanGoolVergauwen:2010,
  year = {2010},
  volume = {4},
  journal = {Foundations and Trends® in Computer Graphics and Vision},
  title = {3D Reconstruction from Multiple Images Part 1: Principles},
  number = {4},
  pages = {287-404},
  author = {Theo Moons and Luc Van Gool and Maarten Vergauwen}
}

@article{FurukawaHernandez:2015,
  year = {2015},
  volume = {9},
  journal = {Foundations and Trends® in Computer Graphics and Vision},
  title = {Multi-View Stereo: A Tutorial},
  number = {1-2},
  pages = {1-148},
  author = {Yasutaka Furukawa and Carlos Hernández}
}

@book{Barber:2012,
 author = {David Barber},
 title = {Bayesian Reasoning and Machine Learning},
 year = {2012},
 isbn = {0521518148, 9780521518147},
 publisher = {Cambridge University Press},
 address = {New York, NY, USA},
}

@book{Murphy:2012,
 author = {Kevin P. Murphy},
 title = {Machine Learning: A Probabilistic Perspective},
 year = {2012},
 isbn = {0262018020, 9780262018029},
 publisher = {The MIT Press},
}

@article{BleiKucukelbirMcAuliffe:2016,
  author    = {David M. Blei and Alp Kucukelbir and Jon D. McAuliffe},
  title     = {Variational Inference: {A} Review for Statisticians},
  journal   = {CoRR},
  volume    = {abs/1601.00670},
  year      = {2016},
  url       = {http://arxiv.org/abs/1601.00670},
}

@article{KingmaWelling:2013,
  author = {Diederik P. Kingma and Max Welling},
  title = {Auto-Encoding Variational Bayes},
  journal = {CoRR},
  volume = {abs/1312.6114},
  year = {2013},
  url = {http://arxiv.org/abs/1312.6114},
}

@inproceedings{HeZhangRenSun:2015,
  author = {Kaiming He and Xiangyu Zhang and Shaoqing Ren and Jian Sun},
  title = {Delving Deep into Rectifiers: Surpassing Human-Level Performance on ImageNet Classification},
  booktitle = {2015 {IEEE} International Conference on Computer Vision, {ICCV} 2015, Santiago, Chile, December 7-13, 2015},
  pages = {1026--1034},
  year = {2015},
}

@inproceedings{MaasJannunNg:2013,
  title = {Rectifier nonlinearities improve neural network acoustic models},
  author = {Andrew L. Maas and Awni Y. Hannun and Andrew Y. Ng},
  booktitle = {Proc. ICML},
  volume = {30},
  number = {1},
  year = {2013}
}

@article{LeCunBoserDenkerHendersonHowardWayneHubbardJackel:1989,
  author = {Yann LeCun and Bernhard E. Boser and John S. Denker and Donnie Henderson and R. E. Howard and Wayne E. Hubbard and Lawrence D. Jackel},
  title = {Backpropagation Applied to Handwritten Zip Code Recognition},
  journal = {Neural Computation},
  volume = {1},
  number = {4},
  pages = {541--551},
  year = {1989},
}

@book{ForsythPonce:2012,
  author = {David A. Forsyth and Jean Ponce},
  title = {Computer Vision - {A} Modern Approach, Second Edition},
  publisher = {Pitman},
  year = {2012},
}

@article{OdenaDumoulinOlah:2016,
  author = {Augustus Odena and Vincent Dumoulin and Chris Olah},
  title = {Deconvolution and Checkerboard Artifacts},
  journal = {Distill},
  year = {2016},
  url = {http://distill.pub/2016/deconv-checkerboard},
}

@article{DumoulinVisin:2016,
  author    = {Vincent Dumoulin and Francesco Visin},
  title     = {A guide to convolution arithmetic for deep learning},
  journal   = {CoRR},
  volume    = {abs/1603.07285},
  year      = {2016},
}

@inproceedings{IoffeSzegedy:2015,
  author    = {Sergey Ioffe and Christian Szegedy},
  title     = {Batch Normalization: Accelerating Deep Network Training by Reducing Internal Covariate Shift},
  booktitle = {Proceedings of the 32nd International Conference on Machine Learning, {ICML} 2015, Lille, France, 6-11 July 2015},
  pages     = {448--456},
  year      = {2015},
}

@article{LeCunBoserDenkerHenderson:1989,
	author = "Y. {LeCun} and B. Boser and J. S. Denker and D. Henderson and R. E. Howard and W. Hubbard and L. D. Jackel",
	title = "Backpropagation Applied to Handwritten Zip Code Recognition",
	journal = "Neural Computation",
	year = "1989",
	volume = "1",
	number = "4",
	pages = "541--551"
}

@article{HintonSalakhutdinov:2006,
  author = {G. E. Hinton and R. R. Salakhutdinov},
  journal = {Science},
  number = 5786,
  pages = {504-507},
  title = {Reducing the dimensionality of data with neural networks},
  volume = 313,
  year = 2006
}

@article{HintonOsinderoTeh:2006,
  author = {Geoffrey E. Hinton and Simon Osindero and Yee Whye Teh},
  title = {A Fast Learning Algorithm for Deep Belief Nets},
  journal= {Neural Computation},
  volume = {18},
  number = {7},
  pages = {1527--1554},
  year = {2006},
}

@article{ErhanBengioCourville:2010,
  author = {Dumitru Erhan and Yoshua Bengio and Aaron C. Courville and Pierre{-}Antoine Manzagol and Pascal Vincent and Samy Bengio},
  title = {Why Does Unsupervised Pre-training Help Deep Learning?},
  journal = {Journal of Machine Learning Research},
  volume = {11},
  pages = {625--660},
  year = {2010},
}

@inproceedings{SohnLeeYan:2015,
  author    = {Kihyuk Sohn and Honglak Lee and Xinchen Yan},
  title     = {Learning Structured Output Representation using Deep Conditional Generative Models},
  booktitle = {Advances in Neural Information Processing Systems 28: Annual Conference on Neural Information Processing Systems 2015, December 7-12, 2015, Montreal, Quebec, Canada},
  pages     = {3483--3491},
  year      = {2015},
}

@inproceedings{KingmaMohamedRezendeWelling:2014,
  author = {Diederik P. Kingma and Shakir Mohamed and Danilo Jimenez Rezende and Max Welling},
  title = {Semi-supervised Learning with Deep Generative Models},
  booktitle = {Advances in Neural Information Processing Systems 27: Annual Conference on Neural Information Processing Systems 2014, December 8-13 2014, Montreal, Quebec, Canada},
  pages = {3581--3589},
  year = {2014},
}

@article{JangGuPoole:2016,
  author = {Eric Jang and Shixiang Gu and Ben Poole},
  title = {Categorical Reparameterization with Gumbel-Softmax},
  journal = {CoRR},
  volume = {abs/1611.01144},
  year = {2016},
}

@article{MaddisonMnihTeh:2016,
  author = {Chris J. Maddison and Andriy Mnih and Yee Whye Teh},
  title = {The Concrete Distribution: {A} Continuous Relaxation of Discrete Random Variables},
  journal = {CoRR},
  volume = {abs/1611.00712},
  year = {2016},
}

@inproceedings{EngelmannStuecklerLeibe:2016,
  author = {Francis Engelmann and J{\"{o}}rg St{\"{u}}ckler and Bastian Leibe},
  title = {Joint Object Pose Estimation and Shape Reconstruction in Urban Street Scenes Using 3D Shape Priors},
  booktitle = {Pattern Recognition - 38th German Conference, {GCPR} 2016, Hannover, Germany, September 12-15, 2016, Proceedings},
  pages = {219--230},
  year = {2016},
}

@inproceedings{EngelmannLeibe:2017,
  author    = {Francis Engelmann and J{\"{o}}rg St{\"{u}}ckler and Bastian Leibe},
  title     = {{SAMP:} Shape and Motion Priors for 4D Vehicle Reconstruction},
  booktitle = {2017 {IEEE} Winter Conference on Applications of Computer Vision, {WACV} 2017, Santa Rosa, CA, USA, March 24-31, 2017},
  pages     = {400--408},
  year      = {2017},
}

@article{BeslMcKay:1992,
  author = {Besl, Paul J. and McKay, Neil D.},
  title = {A Method for Registration of 3-D Shapes},
  journal = {IEEE Trans. Pattern Anal. Mach. Intell.},
  volume = {14},
  number = {2},
  month = feb,
  year = {1992},
  pages = {239--256},
} 

@inproceedings{RusinkiewiczLevoy:2001,
  author    = {Szymon Rusinkiewicz and Marc Levoy},
  title     = {Efficient Variants of the {ICP} Algorithm},
  booktitle = {3rd International Conference on 3D Digital Imaging and Modeling {(3DIM} 2001), 28 May - 1 June 2001, Quebec City, Canada},
  pages     = {145--152},
  year      = {2001},
}

@article{PomerlauColasSiegwart:2015,
  author    = {Fran{\c{c}}ois Pomerleau and Francis Colas and Roland Siegwart},
  title     = {A Review of Point Cloud Registration Algorithms for Mobile Robotics},
  journal   = {Foundations and Trends in Robotics},
  volume    = {4},
  number    = {1},
  pages     = {1--104},
  year      = {2015},
}

@article{FelzenswalbHuttenlocher:2012,
  author = {Pedro F. Felzenszwalb and Daniel P. Huttenlocher},
  title = {Distance Transforms of Sampled Functions},
  journal = {Theory of Computing},
  volume = {8},
  number = {1},
  pages = {415--428},
  year = {2012},
}

@inproceedings{FidlerDickinsonUrtasun:2012,
    author = {Sanja Fidler and Sven J. Dickinson and Raquel Urtasun},
    title = {3D Object Detection and Viewpoint Estimation with a Deformable 3D Cuboid Model},
    booktitle = {Advances in Neural Information Processing Systems 25: 26th Annual Conference on Neural Information Processing Systems 2012. Proceedings of a meeting held December 3-6, 2012, Lake Tahoe, Nevada, United States.},
    pages = {620--628},
    year = {2012},
}

@inproceedings{WuSongXiao:2015,
  author = {Zhirong Wu and Shuran Song and Aditya Khosla and Fisher Yu and Linguang Zhang and Xiaoou Tang and Jianxiong Xiao},
  title = {3D ShapeNets: {A} deep representation for volumetric shapes},
  booktitle = {{IEEE} Conference on Computer Vision and Pattern Recognition, {CVPR} 2015, Boston, MA, USA, June 7-12, 2015},
  pages = {1912--1920},
  year = {2015},
}

@inproceedings{GeigerLenzUrtasun:2012,
  author = {Andreas Geiger and Philip Lenz and Raquel Urtasun},
  title = {Are we ready for autonomous driving? The {KITTI} vision benchmark suite},
  booktitle = {2012 {IEEE} Conference on Computer Vision and Pattern Recognition, Providence, RI, USA, June 16-21, 2012},
  pages = {3354--3361},
  year = {2012},
}

@article{GeigerLenzStillerUrtasun:2013,
  author = {Andreas Geiger and Philip Lenz and Christoph Stiller and Raquel Urtasun},
  title = {Vision meets robotics: The {KITTI} dataset},
  journal = {I. J. Robotics Res.},
  volume = {32},
  number = {11},
  pages = {1231--1237},
  year = {2013},
}

@article{HaeneMalik:2017,
  author = {Christian H{\"{a}}ne and Shubham Tulsiani and Jitendra Malik},
  title = {Hierarchical Surface Prediction for 3D Object Reconstruction},
  journal = {CoRR},
  volume = {abs/1704.00710},
  year = {2017},
}

@book{BotschKobbelt:2010,
  author = {Mario Botsch and Leif Kobbelt and Mark Pauly and Pierre Alliez and Bruno Levy},
  title = {Polygon Mesh Processing},
  year = {2010},
  publisher = {AK Peters},
}

@inproceedings{WilliamsShirley:2005,
  author = {Williams, Amy and Barrus, Steve and Morley, R. Keith and Shirley, Peter},
  title = {An Efficient and Robust Ray-box Intersection Algorithm},
  booktitle = {ACM SIGGRAPH 2005 Courses},
  series = {SIGGRAPH '05},
  year = {2005},
  location = {Los Angeles, California},
  articleno = {9},
  publisher = {ACM},
  address = {New York, NY, USA},
} 

@inproceedings{LiZhangXia:2016,
  author = {Bo Li and Tianlei Zhang and Tian Xia},
  title = {Vehicle Detection from 3D Lidar Using Fully Convolutional Network},
  booktitle = {Robotics: Science and Systems XII, University of Michigan, Ann Arbor, Michigan, USA, June 18 - June 22, 2016},
  year = {2016},
}

@inproceedings{BiasuttiBugeau:2017,
  title = {Disocclusion of {3D LiDAR} Point Clouds using Range Images},
  author = {Biasutti, Pierre and Aujol, Jean-Fran{\c c}ois and Br{\'e}dif, Mathieu and Bugeau, Aur{\'e}lie},
  booktitle = {{ISPRS International Society for Photogrammetry and Remote Sensing (CMRT)}},
  address = {Hannover, Germany},
  year = {2017},
}

@incollection{Bottou:2012,
  author = {L{\'{e}}on Bottou},
  title = {Stochastic Gradient Descent Tricks},
  booktitle = {Neural Networks: Tricks of the Trade - Second Edition},
  pages = {421--436},
  year = {2012},
}

@article{DuchiSinger:2011,
  author = {John C. Duchi and Elad Hazan and Yoram Singer},
  title = {Adaptive Subgradient Methods for Online Learning and Stochastic Optimization},
  journal = {Journal of Machine Learning Research},
  volume = {12},
  pages = {2121--2159},
  year = {2011},
}

@article{Zeiler:2012,
  author = {Matthew D. Zeiler},
  title = {{ADADELTA:} An Adaptive Learning Rate Method},
  journal = {CoRR},
  volume = {abs/1212.5701},
  year = {2012},
}

@article{KingmaBa:2014,
  author = {Diederik P. Kingma and Jimmy Ba},
  title = {Adam: {A} Method for Stochastic Optimization},
  journal = {CoRR},
  volume = {abs/1412.6980},
  year = {2014},
}

@article{WilsonRecht:2017,
  author = {Ashia C. Wilson and Rebecca Roelofs and Mitchell Stern and Nathan Srebro and Benjamin Recht},
  title = {The Marginal Value of Adaptive Gradient Methods in Machine Learning},
  journal = {CoRR},
  volume = {abs/1705.08292},
  year = {2017},
}

@inproceedings{GlorotBengio:2010,
  author = {Xavier Glorot and Yoshua Bengio},
  title = {Understanding the difficulty of training deep feedforward neural networks},
  booktitle = {Proceedings of the Thirteenth International Conference on Artificial Intelligence and Statistics, {AISTATS} 2010, Chia Laguna Resort, Sardinia, Italy, May 13-15, 2010},
  pages = {249--256},
  year = {2010},
}

@inproceedings{HeRenSun:2015,
  author = {Kaiming He and Xiangyu Zhang and Shaoqing Ren andJian Sun},
  title = {Delving Deep into Rectifiers: Surpassing Human-Level Performance on ImageNet Classification},
  booktitle = {2015 {IEEE} International Conference on Computer Vision, {ICCV} 2015, Santiago, Chile, December 7-13, 2015},
  pages = {1026--1034},
  year = {2015},
}

@article{SaxeGanguli:2013,
  author = {Andrew M. Saxe and James L. McClelland and Surya Ganguli},
  title = {Exact solutions to the nonlinear dynamics of learning in deep linear neural networks},
  journal = {CoRR},
  volume = {abs/1312.6120},
  year = {2013},
}

@article{ErhanBengioBengio:2010,
  author = {Dumitru Erhan and Yoshua Bengio and Aaron C. Courville and Pierre{-}Antoine Manzagol and Pascal Vincent and Samy Bengio},
  title = {Why Does Unsupervised Pre-training Help Deep Learning?},
  journal = {Journal of Machine Learning Research},
  volume = {11},
  pages = {625--660},
  year = {2010},
}

@article{SrivastavaHinton:2014,
  author = {Nitish Srivastava and Geoffrey E. Hinton and Alex Krizhevsky and Ilya Sutskever and Ruslan Salakhutdinov},
  title = {Dropout: a simple way to prevent neural networks from overfitting},
  journal = {Journal of Machine Learning Research},
  volume = {15},
  number = {1},
  pages = {1929--1958},
  year = {2014},
}

@inproceedings{MenzeGeiger:2015,
  author    = {Moritz Menze and Andreas Geiger},
  title     = {Object scene flow for autonomous vehicles},
  booktitle = {{IEEE} Conference on Computer Vision and Pattern Recognition, {CVPR} 2015, Boston, MA, USA, June 7-12, 2015},
  pages     = {3061--3070},
  year      = {2015},
}

@inproceedings{MenzeHeipkeGeiger:2015,
  title = {Joint 3D Estimation of Vehicles and Scene Flow},
  author = {Morizt Menze and Christian Heipke and Andreas Geiger},
  booktitle = {Proc. of the ISPRS Workshop on Image Sequence Analysis (ISA)},
  year = {2015}
}

@book{Gonzalez:2006,
  author = {Rafael C. Gonzalez and Richard E. Woods},
  title = {Digital Image Processing (3rd Edition)},
  year = {2006},
  publisher = {Prentice-Hall, Inc.},
  address = {Upper Saddle River, NJ, USA},
} 

@book{MagnusNeudecker:1999,
  author = {Jan R. Magnus and Heinz Neudecker},
  edition = {Second},
  publisher = {John Wiley},
  title = {Matrix Differential Calculus with Applications in Statistics and Econometrics},
  year = {1999}
}

@article{TippingBishop:1999,
  author = {Michael E. Tipping and Chris M. Bishop},
  title = {Probabilistic Principal Component Analysis},
  journal = {Journal of the Royal Statistical Society, Series B},
  year = {1999},
  volume = {61},
  pages = {611--622}
}

@book{GolubVanLoan:2013,
  title = {Matrix Computations},
  author = {G. H. Golub and C. F. Van Loan},
  series = {Johns Hopkins Studies in the Mathematical Sciences},
  year = {2013},
  publisher = {Johns Hopkins University Press}
}

@inproceedings{ImAhnMemisevicBengio:2017,
  author    = {Daniel Jiwoong Im and Sungjin Ahn and Roland Memisevic and Yoshua Bengio},
  title     = {Denoising Criterion for Variational Auto-Encoding Framework},
  booktitle = {Proceedings of the Thirty-First {AAAI} Conference on Artificial Intelligence,
               February 4-9, 2017, San Francisco, California, {USA.}},
  pages     = {2059--2065},
  year      = {2017},
}

@inproceedings{CollinsSchapire:2001,
  author    = {Michael Collins and Sanjoy Dasgupta and Robert E. Schapire},
  title     = {A Generalization of Principal Components Analysis to the Exponential Family},
  booktitle = {Advances in Neural Information Processing Systems 14 [Neural Information Processing Systems: Natural and Synthetic, {NIPS} 2001, December 3-8, 2001, Vancouver, British Columbia, Canada]},
  pages     = {617--624},
  year      = {2001},
}

@inproceedings{LorensenCline:1987,
  author    = {William E. Lorensen and Harvey E. Cline},
  title     = {Marching cubes: {A} high resolution 3D surface construction algorithm},
  booktitle = {Proceedings of the 14th Annual Conference on Computer Graphics and Interactive Techniques, {SIGGRAPH} 1987, Anaheim, California, USA, July 27-31, 1987},
  pages     = {163--169},
  year      = {1987},
}

@book{DeBergCheongVanKreveldOvermars:2008,
 author = {Mark de Berg and Otfried Cheong and Marc van Kreveld and Mark Overmars},
 title = {Computational Geometry: Algorithms and Applications},
 year = {2008},
 edition = {3rd ed.},
 publisher = {Springer},
 address = {Santa Clara, CA, USA},
}

@book{Cormen:2009,
 author = {Thomas H. Cormen and Charles E. Leiserson and Ronald L. Rivest and Clifford Stein},
 title = {Introduction to Algorithms, Third Edition},
 year = {2009},
 edition = {3rd},
 publisher = {The MIT Press},
} 

@inproceedings{GueneyGeiger:2015,
  author    = {Fatma G{\"{u}}ney and Andreas Geiger},
  title     = {Displets: Resolving stereo ambiguities using object knowledge},
  booktitle = {{IEEE} Conference on Computer Vision and Pattern Recognition, {CVPR} 2015, Boston, MA, USA, June 7-12, 2015},
  pages     = {4165--4175},
  year      = {2015},
}

@inproceedings{FuhrmannAckermannGoesele:2010,
  author    = {Simon Fuhrmann and Jens Ackermann and Thomas Kalbe and Michael Goesele},
  title     = {Direct Resampling for Isotropic Surface Remeshing},
  booktitle = {Proceedings of the Vision, Modeling, and Visualization Workshop 2010, Siegen, Germany},
  pages     = {9--16},
  year      = {2010},
}

@article{AkenineMoeller:2001,
  author    = {Tomas Akenine{-}M{\"{o}}ller},
  title     = {Fast 3D Triangle-Box Overlap Testing},
  journal   = {J. Graphics, GPU, {\&} Game Tools},
  volume    = {6},
  number    = {1},
  pages     = {29--33},
  year      = {2001},
}

@article{Dillencourt:1992,
  title = {A general approach to connected-component labeling for arbitrary image representations},
  author = {Michael B. Dillencourt and Hanan Samet and Markku Tamminen},
  journal = {Journal of the ACM (JACM)},
  volume = {39},
  number = {2},
  pages = {253--280},
  year = {1992},
  publisher = {ACM}
}

@inproceedings{GeigerWang:2015,
  author    = {Andreas Geiger and Chaohui Wang},
  title     = {Joint 3D Object and Layout Inference from a Single {RGB-D} Image},
  booktitle = {Pattern Recognition - 37th German Conference, {GCPR} 2015, Aachen, Germany, October 7-10, 2015, Proceedings},
  pages     = {183--195},
  year      = {2015},
}

@article{WilliamsBarrusMorleyShirley:2005,
  author    = {Amy Williams and Steve Barrus and R. Keith Morley and Peter Shirley},
  title     = {An Efficient and Robust Ray-Box Intersection Algorithm},
  journal   = {J. Graphics Tools},
  volume    = {10},
  number    = {1},
  pages     = {49--54},
  year      = {2005},
}

@book{Szeliski:2011,
  author    = {Richard Szeliski},
  title     = {Computer Vision - Algorithms and Applications},
  series    = {Texts in Computer Science},
  publisher = {Springer},
  year      = {2011},
}

@inbook{Edelsbrunner:2003,
  author = {Herbert Edelsbrunner},
  title = {Surface Reconstruction by Wrapping Finite Sets in Space},
  booktitle = {Discrete and Computational Geometry: The Goodman-Pollack Festschrift},
  year = {2003},
  publisher = {Springer Berlin Heidelberg},
  address = {Berlin, Heidelberg},
  pages = {379--404},
}

@book{Giblin:2010,
  title = {Graphs, Surfaces and Homology},
  author = {P. Giblin},
  year = {2010},
  publisher = {Cambridge University Press}
}

@book{KollerFriedman:2009,
  author    = {Daphne Koller and Nir Friedman},
  title     = {Probabilistic Graphical Models - Principles and Techniques},
  publisher = {{MIT} Press},
  year      = {2009},
}

@article{Doersch:2016,
  author    = {Carl Doersch},
  title     = {Tutorial on Variational Autoencoders},
  journal   = {CoRR},
  volume    = {abs/1606.05908},
  year      = {2016},
}

@article{Goodfellow:2017,
  author    = {Ian J. Goodfellow},
  title     = {{NIPS} 2016 Tutorial: Generative Adversarial Networks},
  journal   = {CoRR},
  volume    = {abs/1701.00160},
  year      = {2017},
}

@article{GoodfellowBengio:2014,
  author    = {Ian J. Goodfellow and Jean Pouget{-}Abadie and Mehdi Mirza and Bing Xu and David Warde{-}Farley and Sherjil Ozair and Aaron C. Courville and Yoshua Bengio},
  title     = {Generative Adversarial Networks},
  journal   = {CoRR},
  volume    = {abs/1406.2661},
  year      = {2014},
}

@inproceedings{GuptaMalik:2015,
  author    = {Saurabh Gupta and Pablo Andr{\'{e}}s Arbel{\'{a}}ez and Ross B. Girshick and Jitendra Malik},
  title     = {Aligning 3D models to {RGB-D} images of cluttered scenes},
  booktitle = {{IEEE} Conference on Computer Vision and Pattern Recognition, {CVPR} 2015, Boston, MA, USA, June 7-12, 2015},
  pages     = {4731--4740},
  year      = {2015},
}

@inproceedings{GershamGoodman:2014,
  author    = {Samuel Gershman and Noah D. Goodman},
  title     = {Amortized Inference in Probabilistic Reasoning},
  booktitle = {Proceedings of the 36th Annual Meeting of the Cognitive Science Society, CogSci 2014, Quebec City, Canada, July 23-26, 2014},
  year      = {2014},
}

@inproceedings{VanDenOordKavukcuoglu:2016,
  author    = {A{\"{a}}ron van den Oord and Nal Kalchbrenner and Koray Kavukcuoglu},
  title     = {Pixel Recurrent Neural Networks},
  booktitle = {Proceedings of the 33nd International Conference on Machine Learning, {ICML} 2016, New York City, NY, USA, June 19-24, 2016},
  pages     = {1747--1756},
  year      = {2016},
}

@inproceedings{VanDenOordGraves:2016,
  author    = {A{\"{a}}ron van den Oord and Nal Kalchbrenner and Lasse Espeholt and Koray Kavukcuoglu and Oriol Vinyals and Alex Graves},
  title     = {Conditional Image Generation with PixelCNN Decoders},
  booktitle = {Advances in Neural Information Processing Systems 29: Annual Conference on Neural Information Processing Systems 2016, December 5-10, 2016, Barcelona, Spain},
  pages     = {4790--4798},
  year      = {2016},
}

@article{MakhzaniGoodfellow:2015,
  author    = {Alireza Makhzani and Jonathon Shlens and Navdeep Jaitly and Ian J. Goodfellow},
  title     = {Adversarial Autoencoders},
  journal   = {CoRR},
  volume    = {abs/1511.05644},
  year      = {2015},
}

@inproceedings{LarsenWinther:2016,
  author    = {Anders Boesen Lindbo Larsen and S{\o}ren Kaae S{\o}nderby and Hugo Larochelle and Ole Winther},
  title     = {Autoencoding beyond pixels using a learned similarity metric},
  booktitle = {Proceedings of the 33nd International Conference on Machine Learning, {ICML} 2016, New York City, NY, USA, June 19-24, 2016},
  pages     = {1558--1566},
  year      = {2016},
}

@article{MeschederGeiger:2017,
  author    = {Lars M. Mescheder and Sebastian Nowozin and Andreas Geiger},
  title     = {The Numerics of GANs},
  journal   = {CoRR},
  volume    = {abs/1705.10461},
  year      = {2017},
}

@inproceedings{NowozinTomioka:2016,
  author    = {Sebastian Nowozin and Botond Cseke and Ryota Tomioka},
  title     = {f-GAN: Training Generative Neural Samplers using Variational Divergence Minimization},
  booktitle = {Advances in Neural Information Processing Systems 29: Annual Conference on Neural Information Processing Systems 2016, December 5-10, 2016, Barcelona, Spain},
  pages     = {271--279},
  year      = {2016},
}

@inproceedings{SalimansGoodfellowChen:2016,
  author    = {Tim Salimans and Ian J. Goodfellow and Wojciech Zaremba and Vicki Cheung and Alec Radford and Xi Chen},
  title     = {Improved Techniques for Training GANs},
  booktitle = {Advances in Neural Information Processing Systems 29: Annual Conference on Neural Information Processing Systems 2016, December 5-10, 2016, Barcelona, Spain},
  pages     = {2226--2234},
  year      = {2016},
}

@article{GulrajaniCourville:2017,
  author    = {Ishaan Gulrajani and Faruk Ahmed and Mart{\'{\i}}n Arjovsky and Vincent Dumoulin and Aaron C. Courville},
  title     = {Improved Training of Wasserstein GANs},
  journal   = {CoRR},
  volume    = {abs/1704.00028},
  year      = {2017},
}

@article{ArjovskyBottou:2017,
  author    = {Mart{\'{\i}}n Arjovsky and Soumith Chintala and L{\'{e}}on Bottou},
  title     = {Wasserstein {GAN}},
  journal   = {CoRR},
  volume    = {abs/1701.07875},
  year      = {2017},
}

@inproceedings{RezendeMohamed:2015,
  author    = {Danilo Jimenez Rezende and Shakir Mohamed},
  title     = {Variational Inference with Normalizing Flows},
  booktitle = {Proceedings of the 32nd International Conference on Machine Learning, {ICML} 2015, Lille, France, 6-11 July 2015},
  pages     = {1530--1538},
  year      = {2015},
}

@article{WangLiu:2016,
  author    = {Dilin Wang and Qiang Liu},
  title     = {Learning to Draw Samples: With Application to Amortized {MLE} for Generative Adversarial Learning},
  journal   = {CoRR},
  volume    = {abs/1611.01722},
  year      = {2016},
}

@inproceedings{RezendeMohamedWierstra:2014,
  author    = {Danilo Jimenez Rezende and Shakir Mohamed and Daan Wierstra},
  title     = {Stochastic Backpropagation and Approximate Inference in Deep Generative Models},
  booktitle = {Proceedings of the 31th International Conference on Machine Learning, {ICML} 2014, Beijing, China, 21-26 June 2014},
  pages     = {1278--1286},
  year      = {2014},
}

@article{RitchieGoodman:2016,
  author    = {Daniel Ritchie and Paul Horsfall and Noah D. Goodman},
  title     = {Deep Amortized Inference for Probabilistic Programs},
  journal   = {CoRR},
  volume    = {abs/1610.05735},
  year      = {2016},
}

@inproceedings{Pizlo:2007,
  author    = {Zygmunt Pizlo},
  title     = {Human Perception of 3D Shapes},
  booktitle = {Computer Analysis of Images and Patterns, 12th International Conference, {CAIP} 2007, Vienna, Austria, August 27-29, 2007, Proceedings},
  pages     = {1--12},
  year      = {2007},
}

@inproceedings{LiGuibas:2016,
  author    = {Yangyan Li and S{\"{o}}ren Pirk and Hao Su and Charles Ruizhongtai Qi and Leonidas J. Guibas},
  title     = {{FPNN:} Field Probing Neural Networks for 3D Data},
  booktitle = {Advances in Neural Information Processing Systems 29: Annual Conference on Neural Information Processing Systems 2016, December 5-10, 2016, Barcelona, Spain},
  pages     = {307--315},
  year      = {2016},
}

@inproceedings{GarciaGarciaLopez:2016,
  author    = {Alberto Garcia{-}Garcia and Francisco Gomez{-}Donoso and Jos{\'{e}} Garc{\'{\i}}a Rodr{\'{\i}}guez and Sergio Orts{-}Escolano and Miguel Cazorla and Jorge Azor{\'{\i}}n L{\'{o}}pez},
  title     = {PointNet: {A} 3D Convolutional Neural Network for real-time object class recognition},
  booktitle = {2016 International Joint Conference on Neural Networks, {IJCNN} 2016, Vancouver, BC, Canada, July 24-29, 2016},
  pages     = {1578--1584},
  year      = {2016},
}

@inproceedings{GirdharGupta:2016,
  author    = {Rohit Girdhar and David F. Fouhey and Mikel Rodriguez and Abhinav Gupta},
  title     = {Learning a Predictable and Generative Vector Representation for Objects},
  booktitle = {Computer Vision - {ECCV} 2016 - 14th European Conference, Amsterdam, The Netherlands, October 11-14, 2016, Proceedings, Part {VI}},
  pages     = {484--499},
  year      = {2016},
}

@article{DaiNiessner:2016,
  author    = {Angela Dai and Charles Ruizhongtai Qi and Matthias Nie{\ss}ner},
  title     = {Shape Completion using 3D-Encoder-Predictor CNNs and Shape Synthesis},
  journal   = {CoRR},
  volume    = {abs/1612.00101},
  year      = {2016},
}

@inproceedings{SharmaFritz:2016,
  author    = {Abhishek Sharma and Oliver Grau and Mario Fritz},
  title     = {VConv-DAE: Deep Volumetric Shape Learning Without Object Labels},
  booktitle = {Computer Vision - {ECCV} 2016 Workshops - Amsterdam, The Netherlands, October 8-10 and 15-16, 2016, Proceedings, Part {III}},
  pages     = {236--250},
  year      = {2016},
}

@article{BrockWeston:2016,
  author    = {Andr{\'{e}} Brock and Theodore Lim and James M. Ritchie and Nick Weston},
  title     = {Generative and Discriminative Voxel Modeling with Convolutional Neural Networks},
  journal   = {CoRR},
  volume    = {abs/1608.04236},
  year      = {2016},
}

@inproceedings{QiGuibas:2016,
  author    = {Charles Ruizhongtai Qi and Hao Su and Matthias Nie{\ss}ner and Angela Dai and Mengyuan Yan and Leonidas J. Guibas},
  title     = {Volumetric and Multi-view CNNs for Object Classification on 3D Data},
  booktitle = {2016 {IEEE} Conference on Computer Vision and Pattern Recognition, {CVPR} 2016, Las Vegas, NV, USA, June 27-30, 2016},
  pages     = {5648--5656},
  year      = {2016},
}

@inproceedings{WuTenenbaum:2016,
  author    = {Jiajun Wu and Chengkai Zhang and Tianfan Xue and Bill Freeman and Josh Tenenbaum},
  title     = {Learning a Probabilistic Latent Space of Object Shapes via 3D Generative-Adversarial Modeling},
  booktitle = {Advances in Neural Information Processing Systems 29: Annual Conference on Neural Information Processing Systems 2016, December 5-10, 2016, Barcelona, Spain},
  pages     = {82--90},
  year      = {2016},
}

@article{RieglerGeiger:2016,
  author    = {Gernot Riegler and Ali Osman Ulusoy and Andreas Geiger},
  title     = {OctNet: Learning Deep 3D Representations at High Resolutions},
  journal   = {CoRR},
  volume    = {abs/1611.05009},
  year      = {2016},
}

@article{RieglerGeiger:2017,
  author    = {Gernot Riegler and Ali Osman Ulusoy and Horst Bischof and Andreas Geiger},
  title     = {OctNetFusion: Learning Depth Fusion from Data},
  journal   = {CoRR},
  volume    = {abs/1704.01047},
  year      = {2017},
}

@article{QiSuGuibas:2016a,
  author    = {Charles Ruizhongtai Qi and Hao Su and Kaichun Mo and Leonidas J. Guibas},
  title     = {PointNet: Deep Learning on Point Sets for 3D Classification and Segmentation},
  journal   = {CoRR},
  volume    = {abs/1612.00593},
  year      = {2016},
}

@article{FanSuGuibas:2016,
  author    = {Haoqiang Fan and Hao Su and Leonidas J. Guibas},
  title     = {A Point Set Generation Network for 3D Object Reconstruction from a Single Image},
  journal   = {CoRR},
  volume    = {abs/1612.00603},
  year      = {2016},
}

@article {WangTong:2017,
  title 		= {O-CNN: Octree-based Convolutional Neural Networks for 3D Shape Analysis },
  author 		= {Peng-Shuai Wang and Yang Liu and Yu-Xiao Guo and Chun-Yu Sun and Xin Tong},
  journal 	= {ACM Transactions on Graphics (SIGGRAPH)},
  volume 		= {36},
  number		= {4},
  year 		= {2017},
}

@article{TatarchenkoBrox:2017,
  author    = {Maxim Tatarchenko and Alexey Dosovitskiy and Thomas Brox},
  title     = {Octree Generating Networks: Efficient Convolutional Architectures for High-resolution 3D Outputs},
  journal   = {CoRR},
  volume    = {abs/1703.09438},
  year      = {2017},
}

@inproceedings{BergerSilva:2014,
  author    = {Matthew Berger and Andrea Tagliasacchi and Lee M. Seversky and Pierre Alliez and Joshua A. Levine and Andrei Sharf and Cl{\'{a}}udio T. Silva},
  title     = {State of the Art in Surface Reconstruction from Point Clouds},
  booktitle = {Eurographics 2014 - State of the Art Reports, Strasbourg, France, April 7-11, 2014},
  pages     = {161--185},
  year      = {2014},
}

@inproceedings{SzegedyWojna:2016,
  author    = {Christian Szegedy and Vincent Vanhoucke and Sergey Ioffe and Jonathon Shlens and Zbigniew Wojna},
  title     = {Rethinking the Inception Architecture for Computer Vision},
  booktitle = {2016 {IEEE} Conference on Computer Vision and Pattern Recognition, {CVPR} 2016, Las Vegas, NV, USA, June 27-30, 2016},
  pages     = {2818--2826},
  year      = {2016},
}

@inproceedings{SzegedyRabinovich:2015,
  author    = {Christian Szegedy and Wei Liu and Yangqing Jia and Pierre Sermanet and Scott E. Reed and Dragomir Anguelov and Dumitru Erhan and Vincent Vanhoucke and Andrew Rabinovich},
  title     = {Going deeper with convolutions},
  booktitle = {{IEEE} Conference on Computer Vision and Pattern Recognition, {CVPR}
               2015, Boston, MA, USA, June 7-12, 2015},
  pages     = {1--9},
  year      = {2015},
}

@inproceedings{HeSun:2016,
  author    = {Kaiming He and Xiangyu Zhang and Shaoqing Ren and Jian Sun},
  title     = {Deep Residual Learning for Image Recognition},
  booktitle = {2016 {IEEE} Conference on Computer Vision and Pattern Recognition, {CVPR} 2016, Las Vegas, NV, USA, June 27-30, 2016},
  pages     = {770--778},
  year      = {2016},
}

@article{TulsianiMalik:2016,
  author    = {Shubham Tulsiani and Hao Su and Leonidas J. Guibas and Alexei A. Efros and Jitendra Malik},
  title     = {Learning Shape Abstractions by Assembling Volumetric Primitives},
  journal   = {CoRR},
  volume    = {abs/1612.00404},
  year      = {2016},
}

@inproceedings{EngelckePosner:2017,
  author    = {Martin Engelcke and Dushyant Rao and Dominic Zeng Wang and Chi Hay Tong and Ingmar Posner},
  title     = {Vote3Deep: Fast object detection in 3D point clouds using efficient convolutional neural networks},
  booktitle = {2017 {IEEE} International Conference on Robotics and Automation, {ICRA} 2017, Singapore, Singapore, May 29 - June 3, 2017},
  pages     = {1355--1361},
  year      = {2017},
}

@inproceedings{Graham:2015,
  author    = {Ben Graham},
  title     = {Sparse 3D convolutional neural networks},
  booktitle = {Proceedings of the British Machine Vision Conference 2015, {BMVC} 2015, Swansea, UK, September 7-10, 2015},
  pages     = {150.1--150.9},
  year      = {2015},
}

@article{GuoChen:2015,
  author    = {Kan Guo and Dongqing Zou and Xiaowu Chen},
  title     = {3D Mesh Labeling via Deep Convolutional Neural Networks},
  journal   = {{ACM} Trans. Graph.},
  volume    = {35},
  number    = {1},
  pages     = {3:1--3:12},
  year      = {2015},
}

@article{BoscainiVandergheynst:2015,
  author    = {Davide Boscaini and Jonathan Masci and Simone Melzi and Michael M. Bronstein and Umberto Castellani and Pierre Vandergheynst},
  title     = {Learning class-specific descriptors for deformable shapes using localized spectral convolutional networks},
  journal   = {Comput. Graph. Forum},
  volume    = {34},
  number    = {5},
  pages     = {13--23},
  year      = {2015},
}

@article{BrunaLeCun:2013,
  author    = {Joan Bruna and Wojciech Zaremba and Arthur Szlam and Yann LeCun},
  title     = {Spectral Networks and Locally Connected Networks on Graphs},
  journal   = {CoRR},
  volume    = {abs/1312.6203},
  year      = {2013},
}

@article{ClevertHochreiter:2015,
  author    = {Djork{-}Arn{\'{e}} Clevert and Thomas Unterthiner and Sepp Hochreiter},
  title     = {Fast and Accurate Deep Network Learning by Exponential Linear Units (ELUs)},
  journal   = {CoRR},
  volume    = {abs/1511.07289},
  year      = {2015},
}

@inproceedings{ZeilerFergus:2010,
  author    = {Matthew D. Zeiler and Dilip Krishnan and Graham W. Taylor and Robert Fergus},
  title     = {Deconvolutional networks},
  booktitle = {The Twenty-Third {IEEE} Conference on Computer Vision and Pattern Recognition, {CVPR} 2010, San Francisco, CA, USA, 13-18 June 2010},
  pages     = {2528--2535},
  year      = {2010},
}

@article{YuKoltun:2015,
  author    = {Fisher Yu and Vladlen Koltun},
  title     = {Multi-Scale Context Aggregation by Dilated Convolutions},
  journal   = {CoRR},
  volume    = {abs/1511.07122},
  year      = {2015},
}

@inproceedings{ZhouChellappa:1988, 
  author = {Y. T. Zhou and R. Chellappa}, 
  booktitle = {IEEE 1988 International Conference on Neural Networks}, 
  title = {Computation of optical flow using a neural network}, 
  year = {1988}, 
  pages = {71--78},
}

@inproceedings{BoureauLeCun:2010,
  author    = {Y{-}Lan Boureau and Jean Ponce and Yann LeCun},
  title     = {A Theoretical Analysis of Feature Pooling in Visual Recognition},
  booktitle = {Proceedings of the 27th International Conference on Machine Learning (ICML-10), June 21-24, 2010, Haifa, Israel},
  pages     = {111--118},
  year      = {2010},
}

@article{HedgeZadeh:2016,
  author    = {Vishakh Hegde and Reza Zadeh},
  title     = {FusionNet: 3D Object Classification Using Multiple Data Representations},
  journal   = {CoRR},
  volume    = {abs/1607.05695},
  year      = {2016},
}

@inproceedings{ZeilerFergus:2014,
  author    = {Matthew D. Zeiler and Rob Fergus},
  title     = {Visualizing and Understanding Convolutional Networks},
  booktitle = {Computer Vision - {ECCV} 2014 - 13th European Conference, Zurich, Switzerland, September 6-12, 2014, Proceedings, Part {I}},
  pages     = {818--833},
  year      = {2014},
}

@article{VincentBengio:2010,
  author    = {Pascal Vincent and Hugo Larochelle and Isabelle Lajoie and Yoshua Bengio and Pierre{-}Antoine Manzagol},
  title     = {Stacked Denoising Autoencoders: Learning Useful Representations in a Deep Network with a Local Denoising Criterion},
  journal   = {Journal of Machine Learning Research},
  volume    = {11},
  pages     = {3371--3408},
  year      = {2010},
}

@inproceedings{CurlessLevoy:1996,
  author    = {Brian Curless and Marc Levoy},
  title     = {A Volumetric Method for Building Complex Models from Range Images},
  booktitle = {Proceedings of the 23rd Annual Conference on Computer Graphics and Interactive Techniques, {SIGGRAPH} 1996, New Orleans, LA, USA, August 4-9, 1996},
  pages     = {303--312},
  year      = {1996},
}

@inproceedings{SteinbrueckerCremers:2013,
  author    = {Frank Steinbr{\"{u}}cker and Christian Kerl and Daniel Cremers},
  title     = {Large-Scale Multi-resolution Surface Reconstruction from {RGB-D} Sequences},
  booktitle = {{IEEE} International Conference on Computer Vision, {ICCV} 2013, Sydney, Australia, December 1-8, 2013},
  pages     = {3264--3271},
  year      = {2013},
}

@book{Abramowitz:1974,
 author = {Milton Abramowitz},
 title = {Handbook of Mathematical Functions, With Formulas, Graphs, and Mathematical Tables,},
 year = {1974},
 publisher = {Dover Publications, Incorporated},
}

@book{HartleyZisserman:2006,
  author    = {Andrew Harltey and Andrew Zisserman},
  title     = {Multiple view geometry in computer vision {(2.} ed.)},
  publisher = {Cambridge University Press},
  year      = {2006},
}

@book{Devroye:1986,
  title = {Non-Uniform Random Variate Generation},
  author = {Luc Devroye},
  year = {1986},
  publisher = {Springer New York}
}

@article{QiYiSuGuibas:2017,
  author    = {Charles Ruizhongtai Qi and Li Yi and Hao Su and Leonidas J. Guibas},
  title     = {PointNet++: Deep Hierarchical Feature Learning on Point Sets in a Metric Space},
  journal   = {CoRR},
  volume    = {abs/1706.02413},
  year      = {2017},
}

@article{ChangFunkhouserGuibasSavarese:2015,
  author    = {Angel X. Chang and Thomas A. Funkhouser and Leonidas J. Guibas and Pat Hanrahan and Qi{-}Xing Huang and Zimo Li and Silvio Savarese and Manolis Savva and Shuran Song and Hao Su and Jianxiong Xiao and Li Yi and Fisher Yu},
  title     = {ShapeNet: An Information-Rich 3D Model Repository},
  journal   = {CoRR},
  volume    = {abs/1512.03012},
  year      = {2015},
}

@article{BrecksonFisher:2005,
  author    = {Toby P. Breckon and
               Robert B. Fisher},
  title     = {Amodal volume completion: 3D visual completion},
  journal   = {Computer Vision and Image Understanding},
  volume    = {99},
  number    = {3},
  pages     = {499--526},
  year      = {2005},
}

@inproceedings{KroemerPeters:2012,
  author    = {Oliver Kroemer and Heni Ben Amor and Marco Ewerton and Jan Peters},
  title     = {Point cloud completion using extrusions},
  booktitle = {12th {IEEE-RAS} International Conference on Humanoid Robots (Humanoids 2012), Osaka, Japan, November 29 - Dec. 1, 2012},
  pages     = {680--685},
  year      = {2012},
}

@inproceedings{MartonRusuBeetz:2009,
  author    = {Zoltan{-}Csaba Marton and Lucian Cosmin Goron and Radu Bogdan Rusu an Michael Beetz},
  title     = {Reconstruction and Verification of 3D Object Models for Grasping},
  booktitle = {Robotics Research - The 14th International Symposium, {ISRR} 2009, August 31 - September 3, 2009, Lucerne, Switzerland},
  pages     = {315--328},
  year      = {2009},
}

@article{SungAngstGuibas:2015,
  author    = {Minhyuk Sung and Vladimir G. Kim and Roland Angst and Leonidas J. Guibas},
  title     = {Data-driven structural priors for shape completion},
  journal   = {{ACM} Trans. Graph.},
  volume    = {34},
  number    = {6},
  pages     = {175:1--175:11},
  year      = {2015},
}

@article{PaulyGuibas:2008,
  author    = {Mark Pauly and Niloy J. Mitra and Johannes Wallner and Helmut Pottmann and Leonidas J. Guibas},
  title     = {Discovering structural regularity in 3D geometry},
  journal   = {{ACM} Trans. Graph.},
  volume    = {27},
  number    = {3},
  pages     = {43:1--43:11},
  year      = {2008},
}

@inproceedings{ThrunWegbreit:2005,
  author    = {Sebastian Thrun and Ben Wegbreit},
  title     = {Shape from Symmetry},
  booktitle = {10th {IEEE} International Conference on Computer Vision {(ICCV} 2005), 17-20 October 2005, Beijing, China},
  pages     = {1824--1831},
  year      = {2005},
}

@article{ZhengChen:2010,
  author    = {Qian Zheng and Andrei Sharf and Guowei Wan and Yangyan Li and Niloy J. Mitra and Daniel Cohen{-}Or and Baoquan Chen},
  title     = {Non-local scan consolidation for 3D urban scenes},
  journal   = {{ACM} Trans. Graph.},
  volume    = {29},
  number    = {4},
  pages     = {94:1--94:9},
  year      = {2010},
}

@article{LawAliaga:2011,
  author    = {Alvin J. Law and Daniel G. Aliaga},
  title     = {Single viewpoint model completion of symmetric objects for digital inspection},
  journal   = {Computer Vision and Image Understanding},
  volume    = {115},
  number    = {5},
  pages     = {603--610},
  year      = {2011},
}

@inproceedings{PaulyGuibas:2005,
  author    = {Mark Pauly and Niloy J. Mitra and Joachim Giesen and Markus H. Gross and Leonidas J. Guibas},
  title     = {Example-Based 3D Scan Completion},
  booktitle = {Third Eurographics Symposium on Geometry Processing, Vienna, Austria,
               July 4-6, 2005},
  pages     = {23--32},
  year      = {2005},
}

@article{LiDaiGuibasNiessner:2015,
  author    = {Yangyan Li and Angela Dai and Leonidas J. Guibas and Matthias Nie{\ss}ner},
  title     = {Database-Assisted Object Retrieval for Real-Time 3D Reconstruction},
  journal   = {Comput. Graph. Forum},
  volume    = {34},
  number    = {2},
  pages     = {435--446},
  year      = {2015},
}

@article{NanSharf:2012,
  author    = {Liangliang Nan and Ke Xie and Andrei Sharf},
  title     = {A \emph{search-classify} approach for cluttered indoor scene understanding},
  journal   = {{ACM} Trans. Graph.},
  volume    = {31},
  number    = {6},
  pages     = {137:1--137:10},
  year      = {2012},
}

@inproceedings{FirmanBrostow:2016,
  author    = {Michael Firman and Oisin {Mac Aodha} and Simon J. Julier and Gabriel J. Brostow},
  title     = {Structured Prediction of Unobserved Voxels from a Single Depth Image},
  booktitle = {2016 {IEEE} Conference on Computer Vision and Pattern Recognition, {CVPR} 2016, Las Vegas, NV, USA, June 27-30, 2016},
  pages     = {5431--5440},
  year      = {2016},
}

@article{SmithMeger:2017,
  author    = {Edward Smith and David Meger},
  title     = {Improved Adversarial Systems for 3D Object Generation and Reconstruction},
  journal   = {CoRR},
  volume    = {abs/1707.09557},
  year      = {2017},
}

@inproceedings{RezendeHeess:2016,
  author    = {Danilo Jimenez Rezende and S. M. Ali Eslami and Shakir Mohamed and Peter Battaglia and Max Jaderberg and Nicolas Heess},
  title     = {Unsupervised Learning of 3D Structure from Images},
  booktitle = {Advances in Neural Information Processing Systems 29: Annual Conference on Neural Information Processing Systems 2016, December 5-10, 2016, Barcelona, Spain},
  pages     = {4997--5005},
  year      = {2016},
}

@inproceedings{AdrianReid:2012,
  author    = {Victor Adrian Prisacariu and Aleksandr V. Segal and Ian D. Reid},
  title     = {Simultaneous Monocular 2D Segmentation, 3D Pose Recovery and 3D Reconstruction},
  booktitle = {Computer Vision - {ACCV} 2012 - 11th Asian Conference on Computer Vision, Daejeon, Korea, November 5-9, 2012, Revised Selected Papers, Part {I}},
  pages     = {593--606},
  year      = {2012},
}

@inproceedings{DambrevilleTannenbaum:2008,
  author    = {Samuel Dambreville and Romeil Sandhu and Anthony J. Yezzi and Allen Tannenbaum},
  title     = {Robust 3D Pose Estimation and Efficient 2D Region-Based Segmentation from a 3D Shape Prior},
  booktitle = {Computer Vision - {ECCV} 2008, 10th European Conference on Computer Vision, Marseille, France, October 12-18, 2008, Proceedings, Part {II}},
  pages     = {169--182},
  year      = {2008},
}

@inproceedings{SandhuTannenbaum:2009,
  author    = {Romeil Sandhu and Samuel Dambreville and Anthony J. Yezzi and Allen Tannenbaum},
  title     = {Non-rigid 2D-3D pose estimation and 2D image segmentation},
  booktitle = {2009 {IEEE} Computer Society Conference on Computer Vision and Pattern Recognition {(CVPR} 2009), 20-25 June 2009, Miami, Florida, {USA}},
  pages     = {786--793},
  year      = {2009},
}

@inproceedings{DameReid:2013,
  author    = {Amaury Dame and Victor Adrian Prisacariu and Carl Yuheng Ren and Ian D. Reid},
  title     = {Dense Reconstruction Using 3D Object Shape Priors},
  booktitle = {2013 {IEEE} Conference on Computer Vision and Pattern Recognition, Portland, OR, USA, June 23-28, 2013},
  pages     = {1288--1295},
  year      = {2013},
}

@inproceedings{BaoSavarese:2013,
  author    = {Sid Ying{-}Ze Bao and Manmohan Chandraker and Yuanqing Lin and Silvio Savarese},
  title     = {Dense Object Reconstruction with Semantic Priors},
  booktitle = {2013 {IEEE} Conference on Computer Vision and Pattern Recognition, Portland, OR, USA, June 23-28, 2013},
  pages     = {1264--1271},
  year      = {2013},
}

@inproceedings{LeottaMundy:2009,
  author    = {Matthew J. Leotta and Joseph L. Mundy},
  title     = {Predicting high resolution image edges with a generic, adaptive, 3-D vehicle model},
  booktitle = {2009 {IEEE} Computer Society Conference on Computer Vision and Pattern Recognition {(CVPR} 2009), 20-25 June 2009, Miami, Florida, {USA}},
  pages     = {1311--1318},
  year      = {2009},
}

@inproceedings{MaSibley:2014,
  author    = {Lu Ma and Gabe Sibley},
  title     = {Unsupervised Dense Object Discovery, Detection, Tracking and Reconstruction},
  booktitle = {Computer Vision - {ECCV} 2014 - 13th European Conference, Zurich, Switzerland, September 6-12, 2014, Proceedings, Part {II}},
  pages     = {80--95},
  year      = {2014},
}

@article{NiessnerStamminger:2013,
  author    = {Matthias Nie{\ss}ner and Michael Zollh{\"{o}}fer and Shahram Izadi and Marc Stamminger},
  title     = {Real-time 3D reconstruction at scale using voxel hashing},
  journal   = {{ACM} Trans. Graph.},
  volume    = {32},
  number    = {6},
  pages     = {169:1--169:11},
  year      = {2013},
}
