@book{Bishop:2006,
	author = {C. M. Bishop},
	title = {Pattern Recognition and Machine Learning},
	publisher = {Springer Verlag},
	year = {2006},
	address = {New York},
}

@book{DudaHartStork:2001,
	author = {R. O. Duda and P. E. Hart and D. G. Stork},
	title = {Pattern Classification},
	publisher = {Wiley-Interscience Publication},
	year = {2001},
	address = {New York},
}

@book{Bishop:1995,
	author = {C. M. Bishop},
	title = {Neural Networks for Pattern Recognition},
	publisher = {Clarendon Press},
	year = {1995},
	address = {Oxford},
}

@book{Haykin:2005,
	title = {Neural Networks A Comprehensive Foundation},
	author = {S. Haykin},
	publisher = {Pearson Education},
	year = {2005},
	address = {New Delhi},
}

@book{NocedalWright:2006,
  title = {Numerical Optimization},
  author = {J. Nocedal and S. J. Wright},
  cseries = {Springer Series in Operations Research and Financial Engineering},
  publisher = {Springer Verlag},
  year = {2006},
  address = {New York}
}

@article{Rosenblatt:1958,
	author = {F. Rosenblatt},
	title = {The Perceptron: A Probabilistic Model for Information Storage and Organization in the Brain},
	year = {1958},
	journal = {Psychological Review},
	volume = {65},
	pages = {65--386}
}

@article{RumelhartHintonWilliams:1986,
	author = {D. E. Rumelhart and G. E. Hinton and R. J. Williams},
	title = {Learning Representations by Back-Propagating Errors},
	year = {1986},
	institution = {University of California, San Diego and Carnegie-Mellon University, Pittsburgh},
	journal = {Nature},
	volume = {323},
	pages = {696--699},
}

@article{Bengio:2009,
	author = {Y. Bengio},
	title = {Learning Deep Architectures for {AI}},
	journal = {Foundations and Trends in Machine Learning},
	pages = {1--127},
	volume = {2},
	number = {1},
	year = {2009}
}

@inproceedings{KrizhevskySutskeverHinton:2012,
	author = {A. Krizhevsky and I. Sutskever and G. E. Hinton},
	title = {{ImageNet} Classification with Deep Convolutional Neural Networks},
	booktitle = {Advances in Neural Information Processing Systems},
	year = {2012},
	pages = {1097--1105}
}

@inproceedings{DengFeiFei:2009,
  author = {J. Deng and W. Dong and R. Socher and L.-J. Li and K. Li and L. Fei-Fei},
  title = {{ImageNet}: A Large-Scale Hierarchical Image Database},
  booktitle = {{IEEE} Conference on Computer Vision and Pattern Recognition},
  year = {2009},
  pages = {248--255},
}

@article{Schmidhuber:2014,
  author    = {J. Schmidhuber},
  title     = {Deep learning in neural networks: An overview},
  journal   = {Neural Networks},
  volume    = {61},
  pages     = {85--117},
  year      = {2015},
}

@article{WangRajXing:2017,
  author = {Haohan Wang and Bhiksha Raj and Eric P. Xing},
  title = {On the Origin of Deep Learning},
  journal = {CoRR},
  volume = {abs/1702.07800},
  year = {2017},
}

@article{Li:2017,
  author = {Yuxi Li},
  title = {Deep Reinforcement Learning: An Overview},
  journal = {CoRR},
  volume = {abs/1701.07274},
  year = {2017},
}

@article{BengioCourvilleVincent:2012,
  author = {Yoshua Bengio and Aaron C. Courville and Pascal Vincent},
  title = {Unsupervised Feature Learning and Deep Learning: {A} Review and New Perspectives},
  journal = {CoRR},
  volume = {abs/1206.5538},
  year = {2012},
}

@article{LeCunBengioGeoffrey:2015,
  author = {Y. {LeCun} and Y. Bengio and G. Hinton},
  title = {Deep Learning},
  journal = {Nature},
  year = {2015},
  number = {7553},
  volume = {521},
  pages = {436--444},
}

@article{HornikStinchcombeWhite:1989,
  author = {K. Hornik and M. B. Stinchcombe and H. White},
  title = {Multilayer feedforward networks are universal approximators},
  journal = {Neural Networks},
  volume = {2},
  number = {5},
  pages = {359--366},
  year = {1989},
}

@book{GoodfellowBengioCourville:2016,
  author = {I. J. Goodfellow and Y. Bengio and A. C. Courville},
  title = {Deep Learning},
  series = {Adaptive computation and machine learning},
  publisher = {{MIT} Press},
  year = {2016},
}

@article{MoonsVanGoolVergauwen:2010,
  author = {T. Moons and L. Van Gool and M. Vergauwen},
  title = {3D Reconstruction from Multiple Images Part 1: Principles},
  year = {2010},
  volume = {4},
  journal = {Foundations and Trends® in Computer Graphics and Vision},
  number = {4},
  pages = {287-404},
}

@article{FurukawaHernandez:2015,
  author = {Y. Furukawa and C. Hernández},
  title = {Multi-View Stereo: A Tutorial},
  year = {2015},
  volume = {9},
  journal = {Foundations and Trends® in Computer Graphics and Vision},
  number = {1-2},
  pages = {1-148},
}

@article{BleiKucukelbirMcAuliffe:2016,
  author = {D. M. Blei and A. Kucukelbir and J. D. McAuliffe},
  title = {Variational Inference: {A} Review for Statisticians},
  journal = {CoRR},
  volume = {abs/1601.00670},
  year = {2016},
}

@article{KingmaWelling:2013,
  author = {D. P. Kingma and M. Welling},
  title = {Auto-Encoding Variational Bayes},
  journal = {CoRR},
  volume = {abs/1312.6114},
  year = {2013},
}

@article{Doersch:2016,
  author = {C. Doersch},
  title = {Tutorial on Variational Autoencoders},
  journal = {CoRR},
  volume = {abs/1606.05908},
  year = {2016},
}

@inproceedings{HeZhangRenSun:2015,
  author = {K. He and X. Zhang and S. Ren and J. Sun},
  title = {Delving Deep into Rectifiers: Surpassing Human-Level Performance on ImageNet Classification},
  booktitle = {{IEEE} International Conference on Computer Vision},
  pages = {1026--1034},
  year = {2015},
}

@article{LeCunBoserDenkerHenderson:1989,
  author = {Y. {LeCun} and B. E. Boser and J. S. Denker and D. Henderson and R. E. Howard and W. E. Hubbard and L. D. Jackel},
  title = {Backpropagation Applied to Handwritten Zip Code Recognition},
  journal = {Neural Computation},
  volume = {1},
  number = {4},
  pages = {541--551},
  year = {1989},
}

@inproceedings{ZhouChellappa:1988, 
  author = {Y. T. Zhou and R. Chellappa}, 
  booktitle = {{IEEE} International Conference on Neural Networks}, 
  title = {Computation of optical flow using a neural network}, 
  year = {1988}, 
  pages = {71--78},
}

@book{ForsythPonce:2012,
  author = {D. A. Forsyth and J. Ponce},
  title = {Computer Vision: A Modern Approach},
  year = {2002},
  publisher = {Prentice Hall},
} 

@article{OdenaDumoulinOlah:2016,
  author = {A. Odena and V. Dumoulin and C. Olah},
  title = {Deconvolution and Checkerboard Artifacts},
  journal = {Distill},
  year = {2016},
}

@article{DumoulinVisin:2016,
  author = {V. Dumoulin and F. Visin},
  title = {A guide to convolution arithmetic for deep learning},
  journal = {CoRR},
  volume = {abs/1603.07285},
  year = {2016},
}

@inproceedings{IoffeSzegedy:2015,
  author = {S. Ioffe and C. Szegedy},
  title = {Batch Normalization: Accelerating Deep Network Training by Reducing Internal Covariate Shift},
  booktitle = {International Conference on Machine Learning},
  pages = {448--456},
  year = {2015},
}

@article{HintonSalakhutdinov:2006,
  author = {G. E. Hinton and R. R. Salakhutdinov},
  journal = {Science},
  pages = {504-507},
  title = {Reducing the dimensionality of data with neural networks},
  volume = {313},
  number = {5786},
  year = {2006},
}

@article{HintonOsinderoTeh:2006,
  author = {G. E. Hinton and S. Osindero and Y. W. Teh},
  title = {A Fast Learning Algorithm for Deep Belief Nets},
  journal= {Neural Computation},
  volume = {18},
  number = {7},
  pages = {1527--1554},
  year = {2006},
}

@article{ErhanBengioCourville:2010,
  author = {D. Erhan and Y. Bengio and A. C. Courville and P.-A. Manzagol and P. Vincent and S. Bengio},
  title = {Why Does Unsupervised Pre-training Help Deep Learning?},
  journal = {Journal of Machine Learning Research},
  volume = {11},
  pages = {625--660},
  year = {2010},
}

@inproceedings{KingmaMohamedRezendeWelling:2014,
  author = {D. P. Kingma and S. Mohamed and D. J. Rezende and M. Welling},
  title = {Semi-supervised Learning with Deep Generative Models},
  booktitle = {Advances in Neural Information Processing Systems},
  pages = {3581--3589},
  year = {2014},
}

@article{JangGuPoole:2016,
  author = {E. Jang and S. Gu and B. Poole},
  title = {Categorical Reparameterization with Gumbel-Softmax},
  journal = {CoRR},
  volume = {abs/1611.01144},
  year = {2016},
}

@article{MaddisonMnihTeh:2016,
  author = {C. J. Maddison and A. Mnih and Y. W. Teh},
  title = {The Concrete Distribution: {A} Continuous Relaxation of Discrete Random Variables},
  journal = {CoRR},
  volume = {abs/1611.00712},
  year = {2016},
}

@inproceedings{EngelmannStuecklerLeibe:2016,
  author = {F. Engelmann and J. St{\"{u}}ckler and B. Leibe},
  title = {Joint Object Pose Estimation and Shape Reconstruction in Urban Street Scenes Using 3D Shape Priors},
  booktitle = {German Conference on Pattern Recognition},
  pages = {219--230},
  year = {2016},
}

@inproceedings{EngelmannLeibe:2017,
  author = {F. Engelmann and J. St{\"{u}}ckler and B. Leibe},
  title = {{SAMP:} Shape and Motion Priors for 4D Vehicle Reconstruction},
  booktitle = {{IEEE} Winter Conference on Applications of Computer Vision},
  pages = {400--408},
  year = {2017},
}

@article{BeslMcKay:1992,
  author = {P. J. Besl and N. D. McKay},
  title = {A Method for Registration of 3-D Shapes},
  journal = {{IEEE} Transactions on Pattern Analysis and Machine Intelligence},
  volume = {14},
  number = {2},
  year = {1992},
  pages = {239--256},
} 

@article{FelzenswalbHuttenlocher:2012,
  author = {P. F. Felzenszwalb and D. P. Huttenlocher},
  title = {Distance Transforms of Sampled Functions},
  journal = {Theory of Computing},
  volume = {8},
  number = {1},
  pages = {415--428},
  year = {2012},
}

@inproceedings{WuSongXiao:2015,
  author = {Z. Wu and S. Song and A. Khosla and F. Yu and L. Zhang and X. Tang and J. Xiao},
  title = {{3D ShapeNets}: {A} deep representation for volumetric shapes},
  booktitle = {{IEEE} Conference on Computer Vision and Pattern Recognition},
  pages = {1912--1920},
  year = {2015},
}

@inproceedings{GeigerLenzUrtasun:2012,
  author = {A. Geiger and P. Lenz and R. Urtasun},
  title = {Are we ready for autonomous driving? The {KITTI} vision benchmark suite},
  booktitle = {{IEEE} Conference on Computer Vision and Pattern Recognition},
  pages = {3354--3361},
  year = {2012},
}

@article{GeigerLenzStillerUrtasun:2013,
  author = {A. Geiger and P. Lenz and C. Stiller and R. Urtasun},
  title = {Vision meets robotics: The {KITTI} dataset},
  journal = {International Journal of Robotics Research},
  volume = {32},
  number = {11},
  pages = {1231--1237},
  year = {2013},
}

@article{HaeneMalik:2017,
  author = {C. H{\"{a}}ne and S. Tulsiani and J. Malik},
  title = {Hierarchical Surface Prediction for 3D Object Reconstruction},
  journal = {CoRR},
  volume = {abs/1704.00710},
  year = {2017},
}

@book{BotschKobbelt:2010,
  author = {Mario Botsch and Leif Kobbelt and Mark Pauly and Pierre Alliez and Bruno Levy},
  title = {Polygon Mesh Processing},
  year = {2010},
  publisher = {{AK} Peters},
}

@incollection{Bottou:2012,
  author = {L. Bottou},
  title = {Stochastic Gradient Descent Tricks},
  booktitle = {Neural Networks: Tricks of the Trade},
  pages = {421--436},
  year = {2012},
  publisher = {Springer Verlag},
  cvolume = {7700},
  cseries = {Lecture Notes in Computer Science},
  ceditor = {Montavon, Grégoire and Orr, Genevieve B. and Müller, Klaus-Robert},
}

@article{DuchiSinger:2011,
  author = {J. C. Duchi and E. Hazan and Y. Singer},
  title = {Adaptive Subgradient Methods for Online Learning and Stochastic Optimization},
  journal = {Journal of Machine Learning Research},
  volume = {12},
  pages = {2121--2159},
  year = {2011},
}

@article{Zeiler:2012,
  author = {M. D. Zeiler},
  title = {{ADADELTA:} An Adaptive Learning Rate Method},
  journal = {CoRR},
  volume = {abs/1212.5701},
  year = {2012},
}

@article{KingmaBa:2014,
  author = {D. P. Kingma and J. Ba},
  title = {Adam: {A} Method for Stochastic Optimization},
  journal = {CoRR},
  volume = {abs/1412.6980},
  year = {2014},
}

@article{WilsonRecht:2017,
  author = {A. C. Wilson and R. Roelofs and M. Stern and N. Srebro and B. Recht},
  title = {The Marginal Value of Adaptive Gradient Methods in Machine Learning},
  journal = {CoRR},
  volume = {abs/1705.08292},
  year = {2017},
}

@inproceedings{GlorotBengio:2010,
  author = {X. Glorot and Y. Bengio},
  title = {Understanding the difficulty of training deep feedforward neural networks},
  booktitle = {International Conference on Artificial Intelligence and Statistics},
  pages = {249--256},
  year = {2010},
}

@inproceedings{GlorotBengio:2011,
  author    = {X. Glorot and A. Bordes and Y. Bengio},
  title     = {Deep Sparse Rectifier Neural Networks},
  booktitle = {International Conference on Artificial Intelligence and Statistics},
  pages     = {315--323},
  year      = {2011},
}

@article{SrivastavaHinton:2014,
  author = {N. Srivastava and G. E. Hinton and A. Krizhevsky and I. Sutskever and R. Salakhutdinov},
  title = {Dropout: a simple way to prevent neural networks from overfitting},
  journal = {Journal of Machine Learning Research},
  volume = {15},
  number = {1},
  pages = {1929--1958},
  year = {2014},
}

@inproceedings{MenzeGeiger:2015,
  author    = {M. Menze and A. Geiger},
  title     = {Object scene flow for autonomous vehicles},
  booktitle = {{IEEE} Conference on Computer Vision and Pattern Recognition},
  pages     = {3061--3070},
  year      = {2015},
}

@inproceedings{MenzeHeipkeGeiger:2015,
  author = {M. Menze and C. Heipke and A. Geiger},
  title = {Joint 3D Estimation of Vehicles and Scene Flow},
  booktitle = {{ISPRS} Workshop on Image Sequence Analysis},
  year = {2015},
  pages = {3061--3070},
}

@book{Gonzalez:2006,
  author = {R. C. Gonzalez and R. E. Woods},
  title = {Digital Image Processing},
  year = {2006},
  publisher = {Prentice Hall},
  caddress = {Upper Saddle River, NJ, USA},
} 

@book{MagnusNeudecker:1999,
  author = {J. R. Magnus and H. Neudecker},
  cedition = {Second},
  publisher = {John Wiley},
  title = {Matrix Differential Calculus with Applications in Statistics and Econometrics},
  year = {1999}
}

@article{TippingBishop:1999,
  author = {M. E. Tipping and C. M. Bishop},
  title = {Probabilistic Principal Component Analysis},
  journal = {Journal of the Royal Statistical Society, Series B},
  year = {1999},
  volume = {61},
  pages = {611--622}
}

@book{GolubVanLoan:2013,
  title = {Matrix Computations},
  author = {G. H. Golub and C. F. Van Loan},
  cseries = {Johns Hopkins Studies in the Mathematical Sciences},
  year = {2013},
  publisher = {Johns Hopkins University Press}
}

@inproceedings{ImAhnMemisevicBengio:2017,
  author = {D. J. Im and S. Ahn and R. Memisevic and Y. Bengio},
  title = {Denoising Criterion for Variational Auto-Encoding Framework},
  booktitle = {{AAAI} Conference on Artificial Intelligence},
  pages = {2059--2065},
  year = {2017},
}

@inproceedings{LorensenCline:1987,
  author    = {W. E. Lorensen and H. E. Cline},
  title     = {Marching cubes: {A} high resolution 3D surface construction algorithm},
  booktitle = {{SIGGRAPH} Conference on Computer Graphics and Interactive Techniques},
  pages     = {163--169},
  year      = {1987},
}

@book{DeBergCheongVanKreveldOvermars:2008,
 author = {M. de Berg and O. Cheong and M. van Kreveld and M. Overmars},
 title = {Computational Geometry: Algorithms and Applications},
 year = {2008},
 cedition = {3rd ed.},
 publisher = {Springer Verlag},
 caddress = {Santa Clara, CA, USA},
}

@book{Cormen:2009,
 author = {T. H. Cormen and C. E. Leiserson and R. L. Rivest and C. Stein},
 title = {Introduction to Algorithms},
 year = {2009},
 cedition = {3rd},
 publisher = {{MIT} Press},
} 

@inproceedings{GueneyGeiger:2015,
  author = {F. G{\"{u}}ney and A. Geiger},
  title = {Displets: Resolving stereo ambiguities using object knowledge},
  booktitle = {{IEEE} Conference on Computer Vision and Pattern Recognition},
  pages = {4165--4175},
  year = {2015},
}

@inproceedings{FuhrmannAckermannGoesele:2010,
  author = {S. Fuhrmann and J. Ackermann and T. Kalbe and M. Goesele},
  title = {Direct Resampling for Isotropic Surface Remeshing},
  booktitle = {International Symposium on Vision, Modeling and Visualization},
  pages = {9--16},
  year = {2010},
}

@inproceedings{AkenineMoeller:2001,
  author    = {T. Akenine{-}M{\"{o}}ller},
  title     = {Fast 3D triangle-box overlap testing},
  booktitle = {{SIGGRAPH} Conference on Computer Graphics and Interactive Techniques},
  pages     = {8},
  year      = {2005},
}

@article{Dillencourt:1992,
  author = {M. B. Dillencourt and H. Samet and M. Tamminen},
  title = {A general approach to connected-component labeling for arbitrary image representations},
  journal = {Journal of the ACM},
  volume = {39},
  number = {2},
  pages = {253--280},
  year = {1992},
  cpublisher = {ACM}
}

@inproceedings{GeigerWang:2015,
  author = {A. Geiger and C. Wang},
  title = {Joint 3D Object and Layout Inference from a Single {RGB-D} Image},
  booktitle = {German Conference on Pattern Recognition},
  pages = {183--195},
  year = {2015},
}

@article{WilliamsBarrusMorleyShirley:2005,
  author = {A. Williams and S. Barrus and R. K. Morley and P. Shirley},
  title = {An Efficient and Robust Ray-Box Intersection Algorithm},
  journal = {Journal of Graphics Tools},
  volume = {10},
  number = {1},
  pages = {49--54},
  year = {2005},
}

@book{Szeliski:2011,
  author    = {R. Szeliski},
  title     = {Computer Vision: Algorithms and Applications},
  cseries    = {Texts in Computer Science},
  publisher = {Springer Verlag},
  year      = {2011},
}

@inbook{Edelsbrunner:2003,
  author = {H. Edelsbrunner},
  title = {Surface Reconstruction by Wrapping Finite Sets in Space},
  booktitle = {Discrete and Computational Geometry: The Goodman-Pollack Festschrift},
  year = {2003},
  publisher = {Springer Verlag},
  caddress = {Berlin, Heidelberg},
  pages = {379--404},
}

@book{Giblin:2010,
  title = {Graphs, Surfaces and Homology},
  author = {P. Giblin},
  year = {2010},
  publisher = {Cambridge University Press}
}

@book{KollerFriedman:2009,
  author = {D. Koller and N. Friedman},
  title = {Probabilistic Graphical Models - Principles and Techniques},
  publisher = {{MIT} Press},
  year = {2009},
}

@article{GoodfellowBengio:2014,
  author = {I. J. Goodfellow and J. Pouget{-}Abadie and M. Mirza and B. Xu and D. Warde{-}Farley and S. Ozair and A. C. Courville and Y. Bengio},
  title = {Generative Adversarial Networks},
  journal = {CoRR},
  volume = {abs/1406.2661},
  year = {2014},
}

@inproceedings{GuptaMalik:2015,
  author = {S. Gupta and P. Andr{\'{e}}s Arbel{\'{a}}ez and R. B. Girshick and J. Malik},
  title = {Aligning 3D models to {RGB-D} images of cluttered scenes},
  booktitle = {{IEEE} Conference on Computer Vision and Pattern Recognition},
  pages = {4731--4740},
  year = {2015},
}

@inproceedings{GershamGoodman:2014,
  author    = {S. Gershman and N. D. Goodman},
  title     = {Amortized Inference in Probabilistic Reasoning},
  booktitle = {Conference of the Cognitive Science Society},
  year      = {2014},
}

@inproceedings{VanDenOordKavukcuoglu:2016,
  author    = {A. van den Oord and N. Kalchbrenner and K. Kavukcuoglu},
  title     = {Pixel Recurrent Neural Networks},
  booktitle = {International Conference on Machine Learning},
  pages     = {1747--1756},
  year      = {2016},
}

@inproceedings{VanDenOordGraves:2016,
  author = {A. van den Oord and N. Kalchbrenner and L. Espeholt and K. Kavukcuoglu and O. Vinyals and A. Graves},
  title = {Conditional Image Generation with PixelCNN Decoders},
  booktitle = {Advances in Neural Information Processing Systems},
  pages = {4790--4798},
  year = {2016},
}

@article{MakhzaniGoodfellow:2015,
  author    = {A. Makhzani and J. Shlens and N. Jaitly and I. J. Goodfellow},
  title     = {Adversarial Autoencoders},
  journal   = {CoRR},
  volume    = {abs/1511.05644},
  year      = {2015},
}

@inproceedings{LarsenWinther:2016,
  author = {A. B. L. Larsen and S. K. S{\o}nderby and H. Larochelle and O. Winther},
  title = {Autoencoding beyond pixels using a learned similarity metric},
  booktitle = {International Conference on Machine Learning},
  pages = {1558--1566},
  year = {2016},
}

@article{MeschederGeiger:2017,
  author = {L. M. Mescheder and S. Nowozin and A. Geiger},
  title = {The Numerics of GANs},
  journal = {CoRR},
  volume = {abs/1705.10461},
  year = {2017},
}

@inproceedings{NowozinTomioka:2016,
  author = {S. Nowozin and B. Cseke and R. Tomioka},
  title = {f-GAN: Training Generative Neural Samplers using Variational Divergence Minimization},
  booktitle = {Advances in Neural Information Processing Systems},
  pages = {271--279},
  year = {2016},
}

@inproceedings{SalimansGoodfellowChen:2016,
  author = {T. Salimans and I. J. Goodfellow and W. Zaremba and V. Cheung and A. Radford and X. Chen},
  title = {Improved Techniques for Training GANs},
  booktitle = {Advances in Neural Information Processing Systems},
  pages = {2226--2234},
  year = {2016},
}

@article{GulrajaniCourville:2017,
  author = {I. Gulrajani and F. Ahmed and M. Arjovsky and V. Dumoulin and A. C. Courville},
  title = {Improved Training of Wasserstein GANs},
  journal = {CoRR},
  volume = {abs/1704.00028},
  year = {2017},
}

@article{ArjovskyBottou:2017,
  author = {M. Arjovsky and S. Chintala and L. Bottou},
  title = {Wasserstein {GAN}},
  journal = {CoRR},
  volume = {abs/1701.07875},
  year = {2017},
}

@inproceedings{RezendeMohamed:2015,
  author = {D. J. Rezende and S. Mohamed},
  title = {Variational Inference with Normalizing Flows},
  booktitle = {International Conference on Machine Learning},
  pages = {1530--1538},
  year = {2015},
}

@article{WangLiu:2016,
  author = {D. Wang and Q. Liu},
  title = {Learning to Draw Samples: With Application to Amortized {MLE} for Generative Adversarial Learning},
  journal = {CoRR},
  volume = {abs/1611.01722},
  year = {2016},
}

@inproceedings{RezendeMohamedWierstra:2014,
  author = {D. J. Rezende and S. Mohamed and D. Wierstra},
  title = {Stochastic Backpropagation and Approximate Inference in Deep Generative Models},
  booktitle = {International Conference on Machine Learning},
  pages = {1278--1286},
  year = {2014},
}

@article{RitchieGoodman:2016,
  author = {D. Ritchie and P. Horsfall and N. D. Goodman},
  title = {Deep Amortized Inference for Probabilistic Programs},
  journal = {CoRR},
  volume = {abs/1610.05735},
  year = {2016},
}

@inproceedings{Pizlo:2007,
  author = {Z. Pizlo},
  title = {Human Perception of 3D Shapes},
  booktitle = {International Conference on Computer Analysis of Images and Patterns},
  pages = {1--12},
  year = {2007},
}

@book{Pizlo:2010,
  title = {{3D} shape: Its unique place in visual perception},
  author = {Z. Pizlo},
  year = {2010},
  publisher = {{MIT} Press}
}

@inproceedings{LiGuibas:2016,
  author = {Y. Li and S. Pirk and H. Su and C. R. Qi and L. J. Guibas},
  title = {{FPNN:} Field Probing Neural Networks for 3D Data},
  booktitle = {Advances in Neural Information Processing Systems},
  pages = {307--315},
  year = {2016},
}

@inproceedings{GarciaGarciaLopez:2016,
  author = {A. Garcia{-}Garcia and F. Gomez{-}Donoso and J. G. Rodr{\'{\i}}guez and S. Orts{-}Escolano and M. Cazorla and J. A. L{\'{o}}pez},
  title = {PointNet: {A} 3D Convolutional Neural Network for real-time object class recognition},
  booktitle = {International Joint Conference on Neural Networks},
  pages = {1578--1584},
  year = {2016},
}

@inproceedings{MaturanaScherer:2015,
  author = {D. Maturana and S. Scherer},
  title = {VoxNet: {A} 3D Convolutional Neural Network for real-time object recognition},
  booktitle = {International Conference on Intelligent Robots and Systems},
  pages = {922--928},
  year = {2015},
}

@inproceedings{GirdharGupta:2016,
  author = {R. Girdhar and D. F. Fouhey and M. Rodriguez and A.hinav Gupta},
  title = {Learning a Predictable and Generative Vector Representation for Objects},
  booktitle = {European Conference on Computer Vision},
  pages = {484--499},
  year = {2016},
}

@article{DaiNiessner:2016,
  author = {A. Dai and C. R. Qi and M. Nie{\ss}ner},
  title = {Shape Completion using 3D-Encoder-Predictor CNNs and Shape Synthesis},
  journal = {CoRR},
  volume = {abs/1612.00101},
  year = {2016},
}

@inproceedings{SharmaFritz:2016,
  author = {A. Sharma and O. Grau and M. Fritz},
  title = {VConv-DAE: Deep Volumetric Shape Learning Without Object Labels},
  booktitle = {European Conference on Computer Vision Workshops},
  pages = {236--250},
  year = {2016},
}

@article{BrockWeston:2016,
  author = {A. Brock and T. Lim and J. M. Ritchie and N. Weston},
  title = {Generative and Discriminative Voxel Modeling with Convolutional Neural Networks},
  journal = {CoRR},
  volume = {abs/1608.04236},
  year = {2016},
}

@inproceedings{QiGuibas:2016,
  author = {C. R. Qi and H.ao Su and M. Nie{\ss}ner and A. Dai and M. Yan and L. J. Guibas},
  title = {Volumetric and Multi-view CNNs for Object Classification on 3D Data},
  booktitle = {{IEEE} Conference on Computer Vision and Pattern Recognition},
  pages = {5648--5656},
  year = {2016},
}

@inproceedings{WuTenenbaum:2016,
  author = {J. Wu and C. Zhang and T. Xue and B. Freeman and J. Tenenbaum},
  title = {Learning a Probabilistic Latent Space of Object Shapes via 3D Generative-Adversarial Modeling},
  booktitle = {Advances in Neural Information Processing Systems},
  pages = {82--90},
  year = {2016},
}

@article{RieglerGeiger:2016,
  author = {G. Riegler and A. O. Ulusoy and A. Geiger},
  title = {OctNet: Learning Deep 3D Representations at High Resolutions},
  journal = {CoRR},
  volume = {abs/1611.05009},
  year = {2016},
}

@article{RieglerGeiger:2017,
  author = {G. Riegler and A. O. Ulusoy and H. Bischof and A. Geiger},
  title = {OctNetFusion: Learning Depth Fusion from Data},
  journal = {CoRR},
  volume = {abs/1704.01047},
  year = {2017},
}

@article{QiSuGuibas:2016a,
  author = {C. R. Qi and H. Su and K. Mo and L. J. Guibas},
  title = {PointNet: Deep Learning on Point Sets for 3D Classification and Segmentation},
  journal = {CoRR},
  volume = {abs/1612.00593},
  year = {2016},
}

@article{FanSuGuibas:2016,
  author = {H. Fan and H. Su and L. J. Guibas},
  title = {A Point Set Generation Network for 3D Object Reconstruction from a Single Image},
  journal = {CoRR},
  volume = {abs/1612.00603},
  year = {2016},
}

@article{WangTong:2017,
  author = {P.-S. Wang and Y. Liu and Y.-X. Guo and C.-Y. Sun and X. Tong},
  title = {O-CNN: Octree-based Convolutional Neural Networks for 3D Shape Analysis},
  journal = {{ACM} Transactions on Graphics},
  volume = {36},
  number = {4},
  year = {2017},
  pages = {72:1--72:11},
}

@article{TatarchenkoBrox:2017,
  author = {M. Tatarchenko and A. Dosovitskiy and T. Brox},
  title = {Octree Generating Networks: Efficient Convolutional Architectures for High-resolution 3D Outputs},
  journal = {CoRR},
  volume = {abs/1703.09438},
  year = {2017},
}

@inproceedings{BergerSilva:2014,
  author = {M. Berger and A. Tagliasacchi and L. M. Seversky and P. Alliez and J. A. Levine and A. Sharf and C. T. Silva},
  title = {State of the Art in Surface Reconstruction from Point Clouds},
  booktitle = {Eurographics State of the Art Reports},
  pages = {161--185},
  year = {2014},
}

@inproceedings{SzegedyWojna:2016,
  author = {C. Szegedy and V. Vanhoucke and S. Ioffe and J. Shlens and Z. Wojna},
  title = {Rethinking the Inception Architecture for Computer Vision},
  booktitle = {{IEEE} Conference on Computer Vision and Pattern Recognition},
  pages = {2818--2826},
  year = {2016},
}

@inproceedings{SzegedyRabinovich:2015,
  author = {C. Szegedy and W. Liu and Y. Jia and P. Sermanet and S. E. Reed and D. Anguelov and D. Erhan and V. Vanhoucke and A. Rabinovich},
  title = {Going deeper with convolutions},
  booktitle = {{IEEE} Conference on Computer Vision and Pattern Recognition},
  pages = {1--9},
  year = {2015},
}

@inproceedings{HeSun:2016,
  author = {K. He and X. Zhang and S. Ren and J. Sun},
  title = {Deep Residual Learning for Image Recognition},
  booktitle = {{IEEE} Conference on Computer Vision and Pattern Recognition},
  pages = {770--778},
  year = {2016},
}

@article{TulsianiMalik:2016,
  author = {S. Tulsiani and H. Su and L. J. Guibas and A. A. Efros and J. Malik},
  title = {Learning Shape Abstractions by Assembling Volumetric Primitives},
  journal = {CoRR},
  volume = {abs/1612.00404},
  year = {2016},
}

@inproceedings{EngelckePosner:2017,
  author = {M. Engelcke and D. Rao and D. Z. Wang and C. H. Tong and I. Posner},
  title = {Vote3Deep: Fast object detection in 3D point clouds using efficient convolutional neural networks},
  booktitle = {{IEEE} International Conference on Robotics and Automation},
  pages = {1355--1361},
  year = {2017},
}

@inproceedings{Graham:2015,
  author = {B. Graham},
  title = {Sparse 3D convolutional neural networks},
  booktitle = {British Machine Vision Conference},
  pages = {150.1--150.9},
  year = {2015},
}

@article{GuoChen:2015,
  author = {K. Guo and D. Zou and X. Chen},
  title = {3D Mesh Labeling via Deep Convolutional Neural Networks},
  journal = {{ACM} Trans. Graph.},
  volume = {35},
  number = {1},
  pages = {3:1--3:12},
  year = {2015},
}

@article{BoscainiVandergheynst:2015,
  author = {D. Boscaini and J. Masci and S. Melzi and M. M. Bronstein and U. Castellani and P. Vandergheynst},
  title = {Learning Class-specific Descriptors for Deformable Shapes Using Localized Spectral Convolutional Networks},
  journal = {Computer Graphics Forum},
  volume = {34},
  number = {5},
  pages = {13--23},
  year = {2015},
}

@article{BrunaLeCun:2013,
  author = {J. Bruna and W. Zaremba and A. Szlam and Y. {LeCun}},
  title = {Spectral Networks and Locally Connected Networks on Graphs},
  journal = {CoRR},
  volume = {abs/1312.6203},
  year = {2013},
}

@inproceedings{ZeilerFergus:2010,
  author = {M. D. Zeiler and D. Krishnan and G. W. Taylor and R. Fergus},
  title = {Deconvolutional networks},
  booktitle = {{IEEE} Conference on Computer Vision and Pattern Recognition},
  pages = {2528--2535},
  year = {2010},
}

@article{YuKoltun:2015,
  author = {F. Yu and V. Koltun},
  title = {Multi-Scale Context Aggregation by Dilated Convolutions},
  journal = {CoRR},
  volume = {abs/1511.07122},
  year = {2015},
}

@inproceedings{BoureauLeCun:2010,
  author = {Y. Boureau and J. Ponce and Y. {LeCun}},
  title = {A Theoretical Analysis of Feature Pooling in Visual Recognition},
  booktitle = {International Conference on Machine Learning},
  pages = {111--118},
  year = {2010},
}

@article{HedgeZadeh:2016,
  author = {V. Hegde and R. Zadeh},
  title = {FusionNet: 3D Object Classification Using Multiple Data Representations},
  journal = {CoRR},
  volume = {abs/1607.05695},
  year = {2016},
}

@inproceedings{ZeilerFergus:2014,
  author = {M. D. Zeiler and R. Fergus},
  title = {Visualizing and Understanding Convolutional Networks},
  booktitle = {European Conference on Computer Vision},
  pages = {818--833},
  year = {2014},
}

@article{VincentBengio:2010,
  author = {P. Vincent and H. Larochelle and I. Lajoie and Y. Bengio and P.{-}A. Manzagol},
  title = {Stacked Denoising Autoencoders: Learning Useful Representations in a Deep Network with a Local Denoising Criterion},
  journal = {Journal of Machine Learning Research},
  volume = {11},
  pages = {3371--3408},
  year = {2010},
}

@inproceedings{CurlessLevoy:1996,
  author = {B. Curless and M. Levoy},
  title = {A Volumetric Method for Building Complex Models from Range Images},
  booktitle = {{SIGGRAPH} Conference on Computer Graphics and Interactive Techniques},
  pages = {303--312},
  year = {1996},
}

@inproceedings{SteinbrueckerCremers:2013,
  author = {F. Steinbr{\"{u}}cker and C. Kerl and D. Cremers},
  title = {Large-Scale Multi-resolution Surface Reconstruction from {RGB-D} Sequences},
  booktitle = {{IEEE} International Conference on Computer Vision},
  pages = {3264--3271},
  year = {2013},
}

@book{Abramowitz:1974,
 author = {M. Abramowitz},
 title = {Handbook of Mathematical Functions, With Formulas, Graphs, and Mathematical Tables},
 year = {1974},
 publisher = {Dover Publications},
}

@book{HartleyZisserman:2006,
  author = {R. Harltey and A. Zisserman},
  title = {Multiple view geometry in computer vision},
  publisher = {Cambridge University Press},
  year = {2006},
}

@article{QiYiSuGuibas:2017,
  author = {C. R. Qi and L. Yi and H. Su and L. J. Guibas},
  title = {PointNet++: Deep Hierarchical Feature Learning on Point Sets in a Metric Space},
  journal = {CoRR},
  volume = {abs/1706.02413},
  year = {2017},
}

@article{ChangFunkhouserGuibasSavarese:2015,
  author = {A. X. Chang and T. A. Funkhouser and L. J. Guibas and P. Hanrahan and Q.{-}X. Huang and Z. Li and S. Savarese and M. Savva and S. Song and H. Su and J. Xiao and L. Yi and F. Yu},
  title = {ShapeNet: An Information-Rich 3D Model Repository},
  journal = {CoRR},
  volume = {abs/1512.03012},
  year = {2015},
}

@article{BrecksonFisher:2005,
  author = {T. P. Breckon and R. B. Fisher},
  title = {Amodal volume completion: 3D visual completion},
  journal = {Computer Vision and Image Understanding},
  volume = {99},
  number = {3},
  pages = {499--526},
  year = {2005},
}

@inproceedings{KroemerPeters:2012,
  author = {O. Kroemer and H. B. Amor and M. Ewerton and J. Peters},
  title = {Point cloud completion using extrusions},
  booktitle = {{IEEE-RAS} International Conference on Humanoid Robots},
  pages = {680--685},
  year = {2012},
}

@inproceedings{MartonRusuBeetz:2009,
  author = {Z.{-}C. Marton and L. C. Goron and R. B. Rusu and M. Beetz},
  title = {Reconstruction and Verification of 3D Object Models for Grasping},
  booktitle = {International Symposium on Robotics Research},
  pages = {315--328},
  year = {2009},
}

@article{SungAngstGuibas:2015,
  author = {M. Sung and V. G. Kim and R. Angst and L. J. Guibas},
  title = {Data-driven structural priors for shape completion},
  journal = {{ACM} Trans. Graph.},
  volume = {34},
  number = {6},
  pages = {175:1--175:11},
  year = {2015},
}

@article{PaulyGuibas:2008,
  author = {M. Pauly and N. J. Mitra and J. Wallner and H. Pottmann and L. J. Guibas},
  title = {Discovering structural regularity in 3D geometry},
  journal = {{ACM} Transactions on Graphics},
  volume = {27},
  number = {3},
  pages = {43:1--43:11},
  year = {2008},
}

@inproceedings{ThrunWegbreit:2005,
  author = {S. Thrun and B. Wegbreit},
  title = {Shape from Symmetry},
  booktitle = {{IEEE} International Conference on Computer Vision},
  pages = {1824--1831},
  year = {2005},
}

@article{ZhengChen:2010,
  author = {Q. Zheng and A. Sharf and G. Wan and Y. Li and N. J. Mitra and D. Cohen{-}Or and B. Chen},
  title = {Non-local scan consolidation for 3D urban scenes},
  journal = {{ACM} Transactions on Graphics},
  volume = {29},
  number = {4},
  pages = {94:1--94:9},
  year = {2010},
}

@article{LawAliaga:2011,
  author = {A. J. Law and D. G. Aliaga},
  title = {Single viewpoint model completion of symmetric objects for digital inspection},
  journal = {Computer Vision and Image Understanding},
  volume = {115},
  number = {5},
  pages = {603--610},
  year = {2011},
}

@inproceedings{PaulyGuibas:2005,
  author = {M. Pauly and N. J. Mitra and J. Giesen and M. H. Gross and L. J. Guibas},
  title = {Example-Based 3D Scan Completion},
  booktitle = {Eurographics Symposium on Geometry Processing},
  pages = {23--32},
  year = {2005},
}

@article{LiDaiGuibasNiessner:2015,
  author = {Y. Li and A. Dai and L. J. Guibas and M. Nie{\ss}ner},
  title = {Database-Assisted Object Retrieval for Real-Time 3D Reconstruction},
  journal = {Comput. Graph. Forum},
  volume = {34},
  number = {2},
  pages = {435--446},
  year = {2015},
}

@article{NanSharf:2012,
  author = {L. Nan and K. Xie and A. Sharf},
  title = {A search-classify approach for cluttered indoor scene understanding},
  journal = {{ACM} Transactions on Graphics},
  volume = {31},
  number = {6},
  pages = {137:1--137:10},
  year = {2012},
}

@inproceedings{FirmanBrostow:2016,
  author = {M. Firman and O. {Mac Aodha} and S. J. Julier and G. J. Brostow},
  title = {Structured Prediction of Unobserved Voxels from a Single Depth Image},
  booktitle = {{IEEE} Conference on Computer Vision and Pattern Recognition},
  pages = {5431--5440},
  year = {2016},
}

@article{SmithMeger:2017,
  author = {E. Smith and D. Meger},
  title = {Improved Adversarial Systems for 3D Object Generation and Reconstruction},
  journal = {CoRR},
  volume = {abs/1707.09557},
  year = {2017},
}

@inproceedings{RezendeHeess:2016,
  author = {D. J. Rezende and S. M. Ali Eslami and S. Mohamed and P. Battaglia and M. Jaderberg and N. Heess},
  title = {Unsupervised Learning of 3D Structure from Images},
  booktitle = {Advances in Neural Information Processing Systems},
  pages = {4997--5005},
  year = {2016},
}

@inproceedings{AdrianReid:2012,
  author = {V. A. Prisacariu and A. V. Segal and I. D. Reid},
  title = {Simultaneous Monocular 2D Segmentation, 3D Pose Recovery and 3D Reconstruction},
  booktitle = {Asian Conference on Computer Vision},
  pages = {593--606},
  year = {2012},
}

@inproceedings{DambrevilleTannenbaum:2008,
  author = {S. Dambreville and R. Sandhu and A. J. Yezzi and A. Tannenbaum},
  title = {Robust 3D Pose Estimation and Efficient 2D Region-Based Segmentation from a 3D Shape Prior},
  booktitle = {European Conference on Computer Vision},
  pages = {169--182},
  year = {2008},
}

@inproceedings{SandhuTannenbaum:2009,
  author = {R. Sandhu and S. Dambreville and A. J. Yezzi and A. Tannenbaum},
  title = {Non-rigid 2D-3D pose estimation and 2D image segmentation},
  booktitle = {{IEEE} Conference on Computer Vision and Pattern Recognition},
  pages = {786--793},
  year = {2009},
}

@inproceedings{DameReid:2013,
  author = {A. Dame and V. A. Prisacariu and C. Y. Ren and I. D. Reid},
  title = {Dense Reconstruction Using 3D Object Shape Priors},
  booktitle = {{IEEE} Conference on Computer Vision and Pattern Recognition},
  pages = {1288--1295},
  year = {2013},
}

@inproceedings{BaoSavarese:2013,
  author = {S. Y.{-}Z. Bao and M. Chandraker and Y. Lin and S. Savarese},
  title = {Dense Object Reconstruction with Semantic Priors},
  booktitle = {{IEEE} Conference on Computer Vision and Pattern Recognition},
  pages = {1264--1271},
  year = {2013},
}

@inproceedings{LeottaMundy:2009,
  author = {M. J. Leotta and J. L. Mundy},
  title = {Predicting high resolution image edges with a generic, adaptive, 3-D vehicle model},
  booktitle = {{IEEE} Conference on Computer Vision and Pattern Recognition},
  pages = {1311--1318},
  year = {2009},
}

@inproceedings{MaSibley:2014,
  author = {L. Ma and G. Sibley},
  title = {Unsupervised Dense Object Discovery, Detection, Tracking and Reconstruction},
  booktitle = {Computer Vision - {ECCV} 2014 - 13th European Conference, Zurich, Switzerland, September 6-12, 2014, Proceedings, Part {II}},
  pages = {80--95},
  year = {2014},
}

@inproceedings{SongXiao:2015,
  author = {S. Song and S. P. Lichtenberg and J. Xiao},
  title = {{SUN} {RGB-D:} {A} {RGB-D} scene understanding benchmark suite},
  booktitle = {{IEEE} Conference on Computer Vision and Pattern Recognition},
  pages = {567--576},
  year = {2015},
}

@article{IoannidouKompatsiaris:2017,
  author = {A. Ioannidou and E. Chatzilari and S. Nikolopoulos and I. Kompatsiaris},
  title = {Deep Learning Advances in Computer Vision with 3D Data: {A} Survey},
  journal = {{ACM} Computing Surveys},
  volume = {50},
  number = {2},
  pages = {20:1--20:38},
  year = {2017},
}

@inproceedings{LainaRupprechtNavab:2016,
  author = {I. Laina and C. Rupprecht and V. Belagiannis and F. Tombari and N. Navab},
  title = {Deeper Depth Prediction with Fully Convolutional Residual Networks},
  booktitle = {International Conference on 3D Vision},
  pages = {239--248},
  year = {2016},
}

@inproceedings{EigenFergus:2014,
  author = {D. Eigen and C. Puhrsch and R. Fergus},
  title = {Depth Map Prediction from a Single Image using a Multi-Scale Deep Network},
  booktitle = {Advances in Neural Information Processing Systems},
  pages = {2366--2374},
  year = {2014},
}

@inproceedings{EigenFergus:2015,
  author = {D. Eigen and R. Fergus},
  title = {Predicting Depth, Surface Normals and Semantic Labels with a Common Multi-scale Convolutional Architecture},
  booktitle = {{IEEE} International Conference on Computer Vision},
  pages = {2650--2658},
  year = {2015},
}

@book{Kullback:1959,
  address = {New York},
  author = {S. Kullback},
  title = {Information Theory and Statistics},
  publisher = {Wiley},
  year = {1959},
}

@book{RasmussenWilliams:2006,
  author = {C. E. Rasmussen and C. K. I. Williams},
  title = {Gaussian processes for machine learning},
  cseries = {Adaptive computation and machine learning},
  publisher = {{MIT} Press},
  year = {2006},
}

@book{BenAkivaLerman:1985,
  title = {Discrete Choice Analysis: Theory and Application to Travel Demand},
  author = {M. E. Ben-Akiva and S. R. Lerman},
  cseries = {MIT Press series in transportation studies},
  year = {1985},
  publisher = {{MIT} Press}
}
